{"bids": [[61511.07, 0.0826], [61508.9, 1.0], [61508.0, 0.3], [61504.91, 0.02], [61503.11, 0.0163], [61497.39, 0.163], [61496.56, 0.5], [61430.73, 0.2], [61430.72, 0.50916367], [61425.96, 0.661]], "asks": [[61529.23, 0.1126], [61532.3, 0.00089238], [61535.0, 0.3], [61536.81, 0.5], [61544.4, 1.0], [61589.98, 0.04], [61589.99, 0.10473984], [61590.0, 0.92882913], [61601.98, 0.00128], [61601.99, 0.10650675]], "ts": 1727882265941}
{"bids": [[61511.07, 0.0826], [61508.9, 1.0], [61508.0, 0.3], [61504.91, 0.02], [61503.11, 0.0163], [61497.39, 0.163], [61496.56, 0.5], [61492.2, 1.0], [61430.73, 0.2], [61430.72, 0.50916367]], "asks": [[61529.23, 0.1126], [61532.3, 0.00089238], [61535.0, 0.3], [61536.81, 0.5], [61544.4, 1.0], [61589.98, 0.04], [61589.99, 0.10473984], [61590.0, 0.92882913], [61601.98, 0.00128], [61601.99, 0.10650675]], "ts": 1727882265942}
{"bids": [[61511.07, 0.0826], [61508.9, 1.0], [61508.0, 0.3], [61504.91, 0.02], [61503.11, 0.0163], [61497.39, 0.163], [61496.56, 0.5], [61492.2, 1.0], [61430.73, 0.2], [61430.72, 0.50916367]], "asks": [[61529.23, 0.1126], [61532.3, 0.00089238], [61535.0, 0.3], [61536.81, 0.5], [61543.0, 1.0], [61544.4, 1.0], [61589.98, 0.04], [61589.99, 0.10473984], [61590.0, 0.92882913], [61601.98, 0.00128]], "ts": 1727882265943}
{"bids": [[61511.07, 0.0826], [61508.9, 1.0], [61508.0, 0.3], [61504.91, 0.02], [61503.11, 0.0163], [61497.39, 0.163], [61496.56, 0.5], [61492.2, 1.0], [61430.73, 0.2], [61430.72, 0.50916367]], "asks": [[61529.23, 0.1126], [61532.3, 0.00089238], [61535.0, 0.3], [61536.81, 0.5], [61543.0, 1.0], [61544.4, 1.0], [61589.98, 0.04], [61589.99, 0.10473984], [61590.0, 0.92882913], [61601.98, 0.00128]], "ts": 1727882265943}
{"bids": [[61511.07, 0.0826], [61508.9, 1.0], [61508.0, 0.3], [61504.91, 0.02], [61503.11, 0.0163], [61497.39, 0.163], [61492.2, 1.0], [61430.73, 0.2], [61430.72, 0.50916367]], "asks": [[61529.23, 0.1126], [61532.3, 0.00089238], [61535.0, 0.3], [61536.81, 0.5], [61543.0, 1.0], [61544.4, 1.0], [61589.98, 0.04], [61589.99, 0.10473984], [61590.0, 0.92882913], [61601.98, 0.00128]], "ts": 1727882265944}
{"bids": [[61511.07, 0.0826], [61508.9, 1.0], [61508.0, 0.3], [61504.91, 0.02], [61503.11, 0.0163], [61497.39, 0.163], [61492.2, 1.0], [61430.73, 0.2], [61430.72, 0.50916367]], "asks": [[61529.23, 0.1126], [61532.3, 0.00089238], [61535.0, 0.3], [61536.81, 0.5], [61543.0, 1.0], [61544.4, 1.0], [61589.98, 0.04], [61589.99, 0.10473984], [61590.0, 0.92882913], [61601.98, 0.00128]], "ts": 1727882265944}
{"bids": [[61511.07, 0.0826], [61508.9, 1.0], [61508.0, 0.3], [61504.91, 0.02], [61503.11, 0.0163], [61497.39, 0.163], [61492.2, 1.0], [61489.17, 0.5], [61430.73, 0.2], [61430.72, 0.50916367]], "asks": [[61529.23, 0.1126], [61532.3, 0.00089238], [61535.0, 0.3], [61536.81, 0.5], [61543.0, 1.0], [61544.4, 1.0], [61589.98, 0.04], [61589.99, 0.10473984], [61590.0, 0.92882913], [61601.98, 0.00128]], "ts": 1727882265945}
{"bids": [[61511.07, 0.0826], [61508.9, 1.0], [61508.0, 0.3], [61504.91, 0.02], [61503.11, 0.0463], [61497.39, 0.163], [61492.2, 1.0], [61489.17, 0.5], [61430.73, 0.2], [61430.72, 0.50916367]], "asks": [[61529.23, 0.1126], [61532.3, 0.00089238], [61535.0, 0.3], [61536.81, 0.5], [61543.0, 1.0], [61544.4, 1.0], [61589.98, 0.04], [61589.99, 0.10473984], [61590.0, 0.92882913], [61601.98, 0.00128]], "ts": 1727882265945}
{"bids": [[61511.07, 0.0826], [61508.9, 1.0], [61508.0, 0.3], [61504.91, 0.02], [61503.11, 0.0463], [61497.39, 0.163], [61492.2, 1.0], [61489.17, 0.5], [61430.73, 0.2], [61430.72, 0.50916367]], "asks": [[61529.23, 0.1126], [61532.3, 0.00089238], [61535.0, 0.3], [61536.81, 0.5], [61544.4, 1.0], [61589.98, 0.04], [61589.99, 0.10473984], [61590.0, 0.92882913], [61601.98, 0.00128]], "ts": 1727882265946}
{"bids": [[61511.07, 0.0826], [61508.9, 1.0], [61508.0, 0.3], [61504.91, 0.02], [61503.11, 0.0463], [61501.0, 0.3], [61497.39, 0.163], [61492.2, 1.0], [61489.17, 0.5], [61430.73, 0.2]], "asks": [[61529.23, 0.1126], [61532.3, 0.00089238], [61535.0, 0.3], [61536.81, 0.5], [61544.4, 1.0], [61589.98, 0.04], [61589.99, 0.10473984], [61590.0, 0.92882913], [61601.98, 0.00128]], "ts": 1727882265946}
{"bids": [[61511.07, 0.0826], [61508.9, 1.0], [61508.0, 0.3], [61504.91, 0.02], [61503.11, 0.0463], [61501.0, 0.3], [61497.39, 0.163], [61492.2, 1.0], [61489.17, 0.5], [61430.73, 0.2]], "asks": [[61529.23, 0.1126], [61532.3, 0.00089238], [61535.0, 0.3], [61536.81, 0.5], [61544.4, 1.0], [61589.98, 0.04], [61589.99, 0.10473984], [61590.0, 0.92882913], [61601.98, 0.00128]], "ts": 1727882265947}
{"bids": [[61511.07, 0.0826], [61508.9, 1.0], [61508.0, 0.3], [61504.91, 0.02], [61503.11, 0.0163], [61501.0, 0.3], [61497.39, 0.163], [61492.2, 1.0], [61489.17, 0.5], [61430.73, 0.2]], "asks": [[61529.23, 0.1126], [61532.3, 0.00089238], [61535.0, 0.3], [61536.81, 0.5], [61544.4, 1.0], [61589.98, 0.04], [61589.99, 0.10473984], [61590.0, 0.92882913], [61601.98, 0.00128]], "ts": 1727882265947}
{"bids": [[61511.07, 0.0826], [61508.9, 1.0], [61508.0, 0.3], [61504.91, 0.02], [61503.11, 0.0163], [61501.0, 0.3], [61497.39, 0.163], [61492.2, 1.0], [61489.17, 0.5], [61430.73, 0.2]], "asks": [[61529.23, 0.1126], [61532.3, 0.00089238], [61535.0, 0.3], [61536.81, 0.5], [61543.3, 1.0], [61544.4, 1.0], [61589.98, 0.04], [61589.99, 0.10473984], [61590.0, 0.92882913], [61601.98, 0.00128]], "ts": 1727882265948}
{"bids": [[61511.07, 0.0826], [61508.9, 1.0], [61508.0, 0.3], [61504.91, 0.02], [61503.11, 0.0163], [61501.0, 0.3], [61497.39, 0.163], [61489.17, 0.5], [61430.73, 0.2]], "asks": [[61529.23, 0.1126], [61532.3, 0.00089238], [61535.0, 0.3], [61536.81, 0.5], [61543.3, 1.0], [61544.4, 1.0], [61589.98, 0.04], [61589.99, 0.10473984], [61590.0, 0.92882913], [61601.98, 0.00128]], "ts": 1727882265948}
{"bids": [[61511.07, 0.0826], [61508.9, 1.0], [61508.0, 0.3], [61504.91, 0.02], [61503.11, 0.0163], [61501.0, 0.3], [61497.39, 0.163], [61489.17, 0.5], [61430.73, 0.2]], "asks": [[61529.23, 0.1126], [61532.3, 0.00089238], [61535.0, 0.3], [61536.81, 0.5], [61544.4, 1.0], [61589.98, 0.04], [61589.99, 0.10473984], [61590.0, 0.92882913], [61601.98, 0.00128]], "ts": 1727882265949}
{"bids": [[61511.07, 0.0826], [61508.9, 1.0], [61508.0, 0.3], [61504.91, 0.02], [61503.11, 0.0163], [61501.0, 0.3], [61497.39, 0.163], [61491.7, 1.0], [61489.17, 0.5], [61430.73, 0.2]], "asks": [[61529.23, 0.1126], [61532.3, 0.00089238], [61535.0, 0.3], [61536.81, 0.5], [61544.4, 1.0], [61589.98, 0.04], [61589.99, 0.10473984], [61590.0, 0.92882913], [61601.98, 0.00128]], "ts": 1727882265949}
{"bids": [[61511.07, 0.0826], [61508.9, 1.0], [61508.0, 0.3], [61504.91, 0.02], [61503.11, 0.0163], [61501.0, 0.3], [61497.39, 0.163], [61491.7, 1.0], [61489.17, 0.5], [61430.73, 0.2]], "asks": [[61529.23, 0.1126], [61532.3, 0.00089238], [61534.0, 0.8], [61535.0, 0.3], [61536.81, 0.5], [61544.4, 1.0], [61589.98, 0.04], [61589.99, 0.10473984], [61590.0, 0.92882913], [61601.98, 0.00128]], "ts": 1727882265950}
{"bids": [[61511.07, 0.0826], [61508.9, 1.0], [61508.0, 0.3], [61504.91, 0.02], [61503.11, 0.0163], [61501.0, 0.3], [61497.39, 0.163], [61491.7, 1.0], [61489.17, 0.5], [61430.73, 0.2]], "asks": [[61529.23, 0.1126], [61532.3, 0.00089238], [61534.0, 0.8], [61536.81, 0.5], [61544.4, 1.0], [61589.98, 0.04], [61589.99, 0.10473984], [61590.0, 0.92882913], [61601.98, 0.00128]], "ts": 1727882265950}
{"bids": [[61511.07, 0.0826], [61508.9, 1.0], [61508.0, 0.3], [61504.91, 0.02], [61503.11, 0.0163], [61501.0, 0.3], [61497.39, 0.163], [61492.0, 1.0], [61491.7, 1.0], [61489.17, 0.5]], "asks": [[61529.23, 0.1126], [61532.3, 0.00089238], [61534.0, 0.8], [61536.81, 0.5], [61544.4, 1.0], [61589.98, 0.04], [61589.99, 0.10473984], [61590.0, 0.92882913], [61601.98, 0.00128]], "ts": 1727882265951}
{"bids": [[61511.07, 0.0826], [61508.9, 1.0], [61508.0, 0.3], [61504.91, 0.02], [61503.11, 0.0163], [61501.0, 0.3], [61497.39, 0.163], [61492.0, 1.0], [61489.17, 0.5]], "asks": [[61529.23, 0.1126], [61532.3, 0.00089238], [61534.0, 0.8], [61536.81, 0.5], [61544.4, 1.0], [61589.98, 0.04], [61589.99, 0.10473984], [61590.0, 0.92882913], [61601.98, 0.00128]], "ts": 1727882265951}
{"bids": [[61511.07, 0.0826], [61508.9, 1.0], [61508.0, 0.3], [61504.91, 0.02], [61503.11, 0.0163], [61501.0, 0.3], [61497.39, 0.163], [61492.0, 1.0], [61489.17, 0.5]], "asks": [[61529.23, 0.1126], [61532.3, 0.00089238], [61534.0, 0.8], [61536.81, 0.5], [61542.9, 1.0], [61544.4, 1.0], [61589.98, 0.04], [61589.99, 0.10473984], [61590.0, 0.92882913], [61601.98, 0.00128]], "ts": 1727882265952}
{"bids": [[61511.07, 0.0826], [61508.9, 1.0], [61508.0, 0.3], [61504.91, 0.02], [61503.11, 0.0163], [61501.0, 0.3], [61497.39, 0.163], [61492.0, 1.0], [61489.17, 0.5]], "asks": [[61529.23, 0.1126], [61532.3, 0.00089238], [61534.0, 0.8], [61536.81, 0.5], [61544.4, 1.0], [61589.98, 0.04], [61589.99, 0.10473984], [61590.0, 0.92882913], [61601.98, 0.00128]], "ts": 1727882265952}
{"bids": [[61511.07, 0.0826], [61508.9, 1.0], [61508.0, 0.3], [61504.91, 0.02], [61503.11, 0.0163], [61501.0, 0.3], [61497.39, 0.163], [61492.0, 1.0], [61489.17, 0.5]], "asks": [[61529.23, 0.1126], [61532.3, 0.00089238], [61534.0, 0.3], [61536.81, 0.5], [61544.4, 1.0], [61589.98, 0.04], [61589.99, 0.10473984], [61590.0, 0.92882913], [61601.98, 0.00128]], "ts": 1727882265953}
{"bids": [[61511.07, 0.0826], [61508.9, 1.0], [61508.0, 0.3], [61504.91, 0.02], [61503.11, 0.0163], [61497.39, 0.163], [61492.0, 1.0], [61489.17, 0.5]], "asks": [[61529.23, 0.1126], [61532.3, 0.00089238], [61534.0, 0.3], [61536.81, 0.5], [61544.4, 1.0], [61589.98, 0.04], [61589.99, 0.10473984], [61590.0, 0.92882913], [61601.98, 0.00128]], "ts": 1727882265953}
{"bids": [[61511.07, 0.0826], [61508.9, 1.0], [61508.0, 0.3], [61504.91, 0.02], [61503.11, 0.0163], [61497.39, 0.163], [61492.0, 1.0], [61489.17, 0.5]], "asks": [[61529.23, 0.1126], [61532.3, 0.00089238], [61534.0, 0.3], [61534.31, 0.5], [61536.81, 0.5], [61544.4, 1.0], [61589.98, 0.04], [61589.99, 0.10473984], [61590.0, 0.92882913], [61601.98, 0.00128]], "ts": 1727882265953}
{"bids": [[61511.07, 0.0826], [61508.9, 1.0], [61508.0, 0.3], [61504.91, 0.02], [61503.11, 0.0163], [61503.1, 0.03], [61497.39, 0.163], [61492.0, 1.0], [61489.17, 0.5]], "asks": [[61529.23, 0.1126], [61532.3, 0.00089238], [61534.0, 0.3], [61534.31, 0.5], [61536.81, 0.5], [61544.4, 1.0], [61589.98, 0.04], [61589.99, 0.10473984], [61590.0, 0.92882913], [61601.98, 0.00128]], "ts": 1727882265954}
{"bids": [[61511.07, 0.0826], [61508.9, 1.0], [61508.0, 0.3], [61504.91, 0.02], [61503.11, 0.0163], [61503.1, 0.03], [61497.39, 0.163], [61492.0, 1.0], [61489.17, 0.5]], "asks": [[61529.23, 0.1126], [61532.3, 0.00089238], [61534.0, 0.3], [61534.31, 0.5], [61536.81, 0.5], [61543.3, 1.0], [61544.4, 1.0], [61589.98, 0.04], [61589.99, 0.10473984], [61590.0, 0.92882913]], "ts": 1727882265954}
{"bids": [[61511.07, 0.0826], [61508.9, 1.0], [61508.0, 0.3], [61504.91, 0.02], [61503.11, 0.0163], [61503.1, 0.03], [61497.39, 0.163], [61489.17, 0.5]], "asks": [[61529.23, 0.1126], [61532.3, 0.00089238], [61534.0, 0.3], [61534.31, 0.5], [61536.81, 0.5], [61543.3, 1.0], [61544.4, 1.0], [61589.98, 0.04], [61589.99, 0.10473984], [61590.0, 0.92882913]], "ts": 1727882265955}
{"bids": [[61511.07, 0.0826], [61508.9, 1.0], [61508.0, 0.3], [61504.91, 0.02], [61503.11, 0.0163], [61503.1, 0.03], [61497.39, 0.163], [61489.17, 0.5]], "asks": [[61529.23, 0.1126], [61532.3, 0.00089238], [61534.0, 0.3], [61534.31, 0.5], [61536.81, 0.5], [61544.4, 1.0], [61589.98, 0.04], [61589.99, 0.10473984], [61590.0, 0.92882913]], "ts": 1727882265955}
{"bids": [[61511.07, 0.0826], [61508.9, 1.0], [61508.0, 0.3], [61504.91, 0.02], [61503.11, 0.0163], [61503.1, 0.03], [61500.0, 0.3], [61497.39, 0.163], [61489.17, 0.5]], "asks": [[61529.23, 0.1126], [61532.3, 0.00089238], [61534.0, 0.3], [61534.31, 0.5], [61536.81, 0.5], [61544.4, 1.0], [61589.98, 0.04], [61589.99, 0.10473984], [61590.0, 0.92882913]], "ts": 1727882265956}
{"bids": [[61511.07, 0.0826], [61508.9, 1.0], [61508.0, 0.3], [61504.91, 0.02], [61503.11, 0.0163], [61503.1, 0.03], [61500.0, 0.3], [61497.39, 0.163], [61491.6, 1.0], [61489.17, 0.5]], "asks": [[61529.23, 0.1126], [61532.3, 0.00089238], [61534.0, 0.3], [61534.31, 0.5], [61536.81, 0.5], [61544.4, 1.0], [61589.98, 0.04], [61589.99, 0.10473984], [61590.0, 0.92882913]], "ts": 1727882265956}
{"bids": [[61511.07, 0.0826], [61508.9, 1.0], [61508.0, 0.3], [61504.91, 0.02], [61503.11, 0.0163], [61503.1, 0.03], [61500.0, 0.3], [61497.39, 0.163], [61491.6, 1.0], [61489.17, 0.5]], "asks": [[61529.23, 0.1126], [61532.3, 0.00089238], [61534.0, 0.3], [61534.31, 0.5], [61536.81, 0.5], [61542.3, 1.0], [61544.4, 1.0], [61589.98, 0.04], [61589.99, 0.10473984], [61590.0, 0.92882913]], "ts": 1727882265957}
{"bids": [[61511.07, 0.0826], [61508.9, 1.0], [61508.0, 0.3], [61504.91, 0.02], [61503.11, 0.0163], [61503.1, 0.03], [61500.0, 0.3], [61497.39, 0.163], [61491.7, 1.0], [61491.6, 1.0]], "asks": [[61529.23, 0.1126], [61532.3, 0.00089238], [61534.0, 0.3], [61534.31, 0.5], [61536.81, 0.5], [61542.3, 1.0], [61544.4, 1.0], [61589.98, 0.04], [61589.99, 0.10473984], [61590.0, 0.92882913]], "ts": 1727882265957}
{"bids": [[61511.07, 0.0826], [61508.9, 1.0], [61508.0, 0.3], [61504.91, 0.02], [61503.11, 0.0163], [61503.1, 0.03], [61500.0, 0.3], [61497.39, 0.163], [61491.7, 1.0]], "asks": [[61529.23, 0.1126], [61532.3, 0.00089238], [61534.0, 0.3], [61534.31, 0.5], [61536.81, 0.5], [61542.3, 1.0], [61544.4, 1.0], [61589.98, 0.04], [61589.99, 0.10473984], [61590.0, 0.92882913]], "ts": 1727882265958}
{"bids": [[61511.07, 0.0826], [61508.9, 1.0], [61508.0, 0.3], [61504.91, 0.02], [61503.11, 0.0163], [61503.1, 0.03], [61500.0, 0.3], [61497.39, 0.163]], "asks": [[61529.23, 0.1126], [61532.3, 0.00089238], [61534.0, 0.3], [61534.31, 0.5], [61536.81, 0.5], [61542.3, 1.0], [61544.4, 1.0], [61589.98, 0.04], [61589.99, 0.10473984], [61590.0, 0.92882913]], "ts": 1727882265958}
{"bids": [[61511.07, 0.0826], [61508.9, 1.0], [61508.0, 0.3], [61504.91, 0.02], [61503.11, 0.0163], [61503.1, 0.03], [61500.0, 0.3], [61497.39, 0.163], [61491.6, 1.0]], "asks": [[61529.23, 0.1126], [61532.3, 0.00089238], [61534.0, 0.3], [61534.31, 0.5], [61536.81, 0.5], [61542.3, 1.0], [61544.4, 1.0], [61589.98, 0.04], [61589.99, 0.10473984], [61590.0, 0.92882913]], "ts": 1727882265959}
{"bids": [[61511.07, 0.0826], [61508.9, 1.0], [61508.0, 0.3], [61506.18, 0.0826], [61504.91, 0.02], [61503.11, 0.0163], [61503.1, 0.03], [61500.0, 0.3], [61497.39, 0.163], [61491.6, 1.0]], "asks": [[61529.23, 0.1126], [61532.3, 0.00089238], [61534.0, 0.3], [61534.31, 0.5], [61536.81, 0.5], [61542.3, 1.0], [61544.4, 1.0], [61589.98, 0.04], [61589.99, 0.10473984], [61590.0, 0.92882913]], "ts": 1727882265959}
{"bids": [[61511.07, 0.0826], [61508.9, 1.0], [61508.0, 0.3], [61506.18, 0.0826], [61504.91, 0.02], [61503.11, 0.0163], [61503.1, 0.03], [61500.0, 0.3], [61497.39, 0.163], [61491.8, 1.0]], "asks": [[61529.23, 0.1126], [61532.3, 0.00089238], [61534.0, 0.3], [61534.31, 0.5], [61536.81, 0.5], [61542.3, 1.0], [61544.4, 1.0], [61589.98, 0.04], [61589.99, 0.10473984], [61590.0, 0.92882913]], "ts": 1727882265960}
{"bids": [[61511.07, 0.0826], [61508.9, 1.0], [61508.0, 0.3], [61506.18, 0.0826], [61504.91, 0.02], [61503.11, 0.0163], [61503.1, 0.03], [61500.0, 0.3], [61497.39, 0.163], [61491.8, 1.0]], "asks": [[61529.23, 0.1126], [61532.3, 0.00089238], [61534.0, 0.3], [61534.31, 0.5], [61536.81, 0.5], [61542.3, 1.0], [61544.4, 1.0], [61589.98, 0.04], [61589.99, 0.10473984], [61590.0, 0.92882913]], "ts": 1727882265960}
{"bids": [[61511.07, 0.0826], [61508.9, 1.0], [61508.0, 0.3], [61506.18, 0.0826], [61504.91, 0.02], [61503.11, 0.0163], [61503.1, 0.03], [61500.0, 0.3], [61497.39, 0.163], [61491.8, 1.0]], "asks": [[61529.23, 0.1126], [61532.3, 0.00089238], [61534.0, 0.3], [61534.31, 0.5], [61536.81, 0.5], [61540.9, 1.0], [61542.3, 1.0], [61544.4, 1.0], [61589.98, 0.04], [61589.99, 0.10473984]], "ts": 1727882265961}
{"bids": [[61511.07, 0.0826], [61508.9, 1.0], [61508.0, 0.3], [61506.18, 0.0826], [61504.91, 0.02], [61503.11, 0.0163], [61503.1, 0.03], [61500.0, 0.3], [61497.39, 0.163], [61491.8, 1.0]], "asks": [[61529.23, 0.1126], [61532.3, 0.00089238], [61534.0, 0.3], [61534.31, 0.5], [61536.81, 0.5], [61540.9, 1.0], [61544.4, 1.0], [61589.98, 0.04], [61589.99, 0.10473984]], "ts": 1727882265961}
{"bids": [[61511.07, 0.0826], [61508.9, 1.0], [61508.0, 0.3], [61506.18, 0.0826], [61504.91, 0.02], [61503.11, 0.0163], [61503.1, 0.03], [61500.0, 0.3], [61497.39, 0.163], [61492.8, 1.0]], "asks": [[61529.23, 0.1126], [61532.3, 0.00089238], [61534.0, 0.3], [61534.31, 0.5], [61536.81, 0.5], [61540.9, 1.0], [61544.4, 1.0], [61589.98, 0.04], [61589.99, 0.10473984]], "ts": 1727882265962}
{"bids": [[61511.07, 0.0826], [61508.9, 1.0], [61508.0, 0.3], [61506.18, 0.0826], [61504.91, 0.02], [61503.11, 0.0163], [61503.1, 0.03], [61500.0, 0.3], [61497.39, 0.163], [61492.8, 1.0]], "asks": [[61529.23, 0.1126], [61532.3, 0.00089238], [61534.0, 0.3], [61534.31, 0.5], [61536.81, 0.5], [61540.9, 1.0], [61544.4, 1.0], [61589.98, 0.04], [61589.99, 0.10473984]], "ts": 1727882265962}
{"bids": [[61511.07, 0.0826], [61508.9, 1.0], [61508.0, 0.3], [61506.18, 0.0826], [61504.91, 0.02], [61503.11, 0.0163], [61503.1, 0.03], [61500.0, 0.3], [61497.39, 0.163]], "asks": [[61529.23, 0.1126], [61532.3, 0.00089238], [61534.0, 0.3], [61534.31, 0.5], [61536.81, 0.5], [61540.9, 1.0], [61544.4, 1.0], [61589.98, 0.04], [61589.99, 0.10473984]], "ts": 1727882265963}
{"bids": [[61511.07, 0.0826], [61508.9, 1.0], [61508.0, 0.3], [61506.18, 0.0826], [61504.91, 0.02], [61503.11, 0.0163], [61503.1, 0.03], [61500.0, 0.3], [61497.39, 0.163]], "asks": [[61529.23, 0.1126], [61532.3, 0.00089238], [61534.0, 0.3], [61534.31, 0.5], [61536.81, 0.5], [61540.9, 1.0], [61544.4, 1.0], [61589.98, 0.04], [61589.99, 0.10473984]], "ts": 1727882265963}
{"bids": [[61511.07, 0.0826], [61508.9, 1.0], [61508.0, 0.3], [61506.18, 0.0826], [61504.91, 0.02], [61503.11, 0.0163], [61503.1, 0.03], [61500.0, 0.3], [61497.39, 0.163], [61492.8, 1.0]], "asks": [[61529.23, 0.1126], [61532.3, 0.00089238], [61534.0, 0.3], [61534.31, 0.5], [61536.81, 0.5], [61540.9, 1.0], [61544.4, 1.0], [61589.98, 0.04], [61589.99, 0.10473984]], "ts": 1727882265963}
{"bids": [[61511.07, 0.0826], [61508.9, 1.0], [61508.0, 0.3], [61506.18, 0.0826], [61504.91, 0.02], [61503.11, 0.0163], [61503.1, 0.03], [61500.02, 0.0202], [61500.0, 0.3], [61497.39, 0.163]], "asks": [[61529.23, 0.1126], [61532.3, 0.00089238], [61534.0, 0.3], [61534.31, 0.5], [61536.81, 0.5], [61540.9, 1.0], [61544.4, 1.0], [61589.98, 0.04], [61589.99, 0.10473984]], "ts": 1727882265964}
{"bids": [[61511.07, 0.0826], [61508.9, 1.0], [61508.0, 0.3], [61506.18, 0.0826], [61504.91, 0.02], [61503.11, 0.0163], [61503.1, 0.03], [61501.0, 0.3], [61500.02, 0.0202], [61500.0, 0.3]], "asks": [[61529.23, 0.1126], [61532.3, 0.00089238], [61534.0, 0.3], [61534.31, 0.5], [61536.81, 0.5], [61540.9, 1.0], [61544.4, 1.0], [61589.98, 0.04], [61589.99, 0.10473984]], "ts": 1727882265964}
{"bids": [[61511.07, 0.0826], [61508.9, 1.0], [61508.0, 0.3], [61506.18, 0.0826], [61504.91, 0.02], [61503.11, 0.0163], [61503.1, 0.03], [61501.0, 0.3], [61500.02, 0.0202]], "asks": [[61529.23, 0.1126], [61532.3, 0.00089238], [61534.0, 0.3], [61534.31, 0.5], [61536.81, 0.5], [61540.9, 1.0], [61544.4, 1.0], [61589.98, 0.04], [61589.99, 0.10473984]], "ts": 1727882265965}
{"bids": [[61511.07, 0.0826], [61508.9, 1.0], [61508.0, 0.3], [61506.18, 0.0826], [61504.91, 0.02], [61503.11, 0.0163], [61503.1, 0.03], [61501.0, 0.3], [61500.02, 0.0202], [61496.6, 1.0]], "asks": [[61529.23, 0.1126], [61532.3, 0.00089238], [61534.0, 0.3], [61534.31, 0.5], [61536.81, 0.5], [61540.9, 1.0], [61544.4, 1.0], [61589.98, 0.04], [61589.99, 0.10473984]], "ts": 1727882265965}
{"bids": [[61511.07, 0.0826], [61508.9, 1.0], [61508.0, 0.3], [61506.18, 0.0826], [61504.91, 0.02], [61503.11, 0.0163], [61503.1, 0.03], [61501.0, 0.3], [61500.02, 0.0202], [61496.6, 1.0]], "asks": [[61529.23, 0.1126], [61532.3, 0.00089238], [61534.0, 0.3], [61534.31, 0.5], [61536.81, 0.5], [61540.9, 1.0], [61544.4, 1.0], [61589.98, 0.04], [61589.99, 0.10473984]], "ts": 1727882265966}
{"bids": [[61511.07, 0.0826], [61508.9, 1.0], [61508.0, 0.3], [61506.18, 0.0826], [61504.91, 0.02], [61503.11, 0.0163], [61503.1, 0.03], [61500.02, 0.0202], [61496.6, 1.0]], "asks": [[61529.23, 0.1126], [61532.3, 0.00089238], [61534.0, 0.3], [61534.31, 0.5], [61536.81, 0.5], [61540.9, 1.0], [61544.4, 1.0], [61589.98, 0.04], [61589.99, 0.10473984]], "ts": 1727882265966}
{"bids": [[61511.07, 0.0826], [61508.9, 1.0], [61508.0, 0.3], [61506.18, 0.0826], [61504.91, 0.02], [61503.11, 0.0163], [61503.1, 0.03], [61500.02, 0.0202], [61496.6, 1.0]], "asks": [[61529.23, 0.1126], [61532.3, 0.00089238], [61534.0, 0.3], [61534.31, 0.5], [61536.81, 0.5], [61544.4, 1.0], [61589.98, 0.04], [61589.99, 0.10473984]], "ts": 1727882265967}
{"bids": [[61511.07, 0.0826], [61508.9, 1.0], [61508.0, 0.3], [61506.18, 0.0826], [61504.91, 0.02], [61503.11, 0.0163], [61503.1, 0.03], [61500.02, 0.0202], [61500.0, 0.3], [61496.6, 1.0]], "asks": [[61529.23, 0.1126], [61532.3, 0.00089238], [61534.0, 0.3], [61534.31, 0.5], [61536.81, 0.5], [61544.4, 1.0], [61589.98, 0.04], [61589.99, 0.10473984]], "ts": 1727882265967}
{"bids": [[61511.07, 0.0826], [61508.9, 1.0], [61508.0, 0.3], [61506.18, 0.0826], [61504.91, 0.02], [61503.11, 0.0163], [61503.1, 0.03], [61500.02, 0.0202], [61500.0, 0.3], [61496.6, 1.0]], "asks": [[61529.23, 0.1126], [61532.3, 0.00089238], [61534.0, 0.3], [61534.31, 0.5], [61536.81, 0.5], [61541.9, 1.0], [61544.4, 1.0], [61589.98, 0.04], [61589.99, 0.10473984]], "ts": 1727882265968}
{"bids": [[61511.07, 0.0826], [61508.9, 1.0], [61508.0, 0.3], [61506.18, 0.0826], [61504.91, 0.02], [61503.11, 0.0163], [61503.1, 0.03], [61500.02, 0.0202], [61500.0, 0.3], [61496.6, 1.0]], "asks": [[61529.23, 0.1126], [61532.3, 0.00089238], [61534.0, 0.3], [61536.81, 0.5], [61541.9, 1.0], [61544.4, 1.0], [61589.98, 0.04], [61589.99, 0.10473984]], "ts": 1727882265968}
{"bids": [[61511.07, 0.0826], [61508.9, 1.0], [61508.0, 0.3], [61506.18, 0.0826], [61504.91, 0.02], [61503.11, 0.0163], [61503.1, 0.03], [61500.02, 0.0202], [61500.0, 0.3], [61496.6, 1.0]], "asks": [[61529.23, 0.1126], [61532.3, 0.00089238], [61534.0, 0.3], [61536.81, 0.5], [61541.9, 1.0], [61544.4, 1.0], [61589.98, 0.04], [61589.99, 0.10473984]], "ts": 1727882265969}
{"bids": [[61511.07, 0.0826], [61508.9, 1.0], [61508.0, 0.3], [61506.18, 0.0826], [61504.91, 0.02], [61503.11, 0.0163], [61503.1, 0.03], [61500.02, 0.0202], [61500.0, 0.3], [61496.6, 1.0]], "asks": [[61529.23, 0.1126], [61532.3, 0.00089238], [61533.81, 0.5], [61534.0, 0.3], [61536.81, 0.5], [61541.9, 1.0], [61544.4, 1.0], [61589.98, 0.04], [61589.99, 0.10473984]], "ts": 1727882265969}
{"bids": [[61511.07, 0.0826], [61508.9, 1.0], [61508.0, 0.3], [61506.18, 0.0826], [61504.91, 0.02], [61503.11, 0.0163], [61503.1, 0.03], [61500.02, 0.0202], [61500.0, 0.3], [61496.6, 1.0]], "asks": [[61529.23, 0.1126], [61532.3, 0.00089238], [61533.81, 0.5], [61534.0, 0.3], [61536.81, 0.5], [61541.9, 1.0], [61544.4, 1.0], [61589.98, 0.04], [61589.99, 0.10473984]], "ts": 1727882265970}
{"bids": [[61511.07, 0.0826], [61508.9, 1.0], [61508.0, 0.3], [61506.18, 0.0826], [61504.91, 0.02], [61503.11, 0.0163], [61503.1, 0.03], [61500.02, 0.0202], [61500.0, 0.3], [61496.6, 1.0]], "asks": [[61529.23, 0.1126], [61532.3, 0.00089238], [61533.81, 0.5], [61534.0, 0.3], [61536.81, 0.5], [61544.4, 1.0], [61589.98, 0.04], [61589.99, 0.10473984]], "ts": 1727882265970}
{"bids": [[61511.07, 0.0826], [61508.9, 1.0], [61508.0, 0.3], [61506.18, 0.0826], [61504.91, 0.02], [61503.11, 0.0163], [61503.1, 0.03], [61500.02, 0.0202], [61500.0, 0.3], [61496.6, 1.0]], "asks": [[61529.23, 0.1126], [61532.3, 0.00089238], [61533.81, 0.5], [61534.0, 0.3], [61536.81, 0.5], [61542.3, 1.0], [61544.4, 1.0], [61589.98, 0.04], [61589.99, 0.10473984]], "ts": 1727882265971}
{"bids": [[61511.07, 0.0826], [61508.9, 1.0], [61508.0, 0.3], [61506.18, 0.0826], [61504.91, 0.02], [61503.11, 0.0163], [61503.1, 0.03], [61500.02, 0.0202], [61496.6, 1.0]], "asks": [[61529.23, 0.1126], [61532.3, 0.00089238], [61533.81, 0.5], [61534.0, 0.3], [61536.81, 0.5], [61542.3, 1.0], [61544.4, 1.0], [61589.98, 0.04], [61589.99, 0.10473984]], "ts": 1727882265971}
{"bids": [[61511.07, 0.0826], [61508.9, 1.0], [61508.0, 0.3], [61506.18, 0.0826], [61504.91, 0.02], [61503.11, 0.0163], [61503.1, 0.03], [61501.0, 0.3], [61500.02, 0.0202], [61496.6, 1.0]], "asks": [[61529.23, 0.1126], [61532.3, 0.00089238], [61533.81, 0.5], [61534.0, 0.3], [61536.81, 0.5], [61542.3, 1.0], [61544.4, 1.0], [61589.98, 0.04], [61589.99, 0.10473984]], "ts": 1727882265971}
{"bids": [[61511.07, 0.0826], [61508.9, 1.0], [61508.0, 0.3], [61506.18, 0.0826], [61504.91, 0.02], [61503.11, 0.0163], [61503.1, 0.03], [61501.0, 0.3], [61500.02, 0.0202], [61496.6, 1.0]], "asks": [[61529.23, 0.1126], [61532.3, 0.00089238], [61533.81, 0.5], [61536.81, 0.5], [61542.3, 1.0], [61544.4, 1.0], [61589.98, 0.04], [61589.99, 0.10473984]], "ts": 1727882265972}
{"bids": [[61511.07, 0.0826], [61508.9, 1.0], [61508.0, 0.3], [61506.18, 0.0826], [61504.91, 0.02], [61503.11, 0.0163], [61503.1, 0.03], [61501.0, 0.3], [61500.02, 0.0202], [61496.6, 1.0]], "asks": [[61529.23, 0.1126], [61532.3, 0.00089238], [61533.81, 0.5], [61536.81, 0.5], [61544.4, 1.0], [61589.98, 0.04], [61589.99, 0.10473984]], "ts": 1727882265972}
{"bids": [[61511.07, 0.0826], [61508.9, 1.0], [61508.0, 0.3], [61506.18, 0.0826], [61504.91, 0.02], [61503.11, 0.0163], [61503.1, 0.03], [61501.0, 0.3], [61500.02, 0.0202]], "asks": [[61529.23, 0.1126], [61532.3, 0.00089238], [61533.81, 0.5], [61536.81, 0.5], [61544.4, 1.0], [61589.98, 0.04], [61589.99, 0.10473984]], "ts": 1727882265973}
{"bids": [[61511.07, 0.0826], [61508.9, 1.0], [61508.0, 0.3], [61506.18, 0.0826], [61504.91, 0.02], [61503.11, 0.0163], [61503.1, 0.03], [61501.0, 0.3], [61500.02, 0.0202]], "asks": [[61529.23, 0.1126], [61532.3, 0.00089238], [61533.81, 0.5], [61534.0, 0.3], [61536.81, 0.5], [61544.4, 1.0], [61589.98, 0.04], [61589.99, 0.10473984]], "ts": 1727882265973}
{"bids": [[61511.07, 0.0826], [61508.9, 1.0], [61508.0, 0.3], [61506.18, 0.0826], [61504.91, 0.02], [61503.11, 0.0163], [61503.1, 0.03], [61501.0, 0.3], [61500.02, 0.0202]], "asks": [[61529.23, 0.1126], [61532.3, 0.00089238], [61533.81, 0.5], [61534.0, 0.3], [61536.81, 0.5], [61543.3, 1.0], [61544.4, 1.0], [61589.98, 0.04], [61589.99, 0.10473984]], "ts": 1727882265974}
{"bids": [[61511.07, 0.0826], [61508.9, 1.0], [61508.0, 0.3], [61506.18, 0.0826], [61504.91, 0.02], [61503.11, 0.0163], [61503.1, 0.03], [61501.0, 0.3], [61500.02, 0.0202], [61496.2, 1.0]], "asks": [[61529.23, 0.1126], [61532.3, 0.00089238], [61533.81, 0.5], [61534.0, 0.3], [61536.81, 0.5], [61543.3, 1.0], [61544.4, 1.0], [61589.98, 0.04], [61589.99, 0.10473984]], "ts": 1727882265974}
{"bids": [[61511.07, 0.0826], [61508.9, 1.0], [61508.0, 0.3], [61506.18, 0.0826], [61504.91, 0.02], [61503.11, 0.0163], [61503.1, 0.03], [61501.0, 0.3], [61500.02, 0.0202], [61496.2, 1.0]], "asks": [[61529.23, 0.1126], [61532.3, 0.00089238], [61533.81, 0.5], [61534.0, 0.3], [61536.81, 0.5], [61542.9, 1.0], [61543.3, 1.0], [61544.4, 1.0], [61589.98, 0.04], [61589.99, 0.10473984]], "ts": 1727882265975}
{"bids": [[61511.07, 0.0826], [61508.9, 1.0], [61508.0, 0.3], [61506.18, 0.0826], [61504.91, 0.02], [61503.11, 0.0163], [61503.1, 0.03], [61501.0, 0.3], [61500.02, 0.0202], [61496.2, 1.0]], "asks": [[61529.23, 0.1126], [61532.3, 0.00089238], [61533.81, 0.5], [61534.0, 0.3], [61536.81, 0.5], [61542.9, 1.0], [61544.4, 1.0], [61589.98, 0.04], [61589.99, 0.10473984]], "ts": 1727882265975}
{"bids": [[61511.07, 0.0826], [61508.9, 1.0], [61508.0, 0.3], [61506.18, 0.0826], [61504.91, 0.02], [61503.11, 0.0163], [61503.1, 0.03], [61501.0, 0.3], [61500.02, 0.0202], [61496.2, 1.0]], "asks": [[61529.23, 0.1126], [61532.3, 0.00089238], [61533.81, 0.5], [61536.81, 0.5], [61542.9, 1.0], [61544.4, 1.0], [61589.98, 0.04], [61589.99, 0.10473984]], "ts": 1727882265976}
{"bids": [[61511.07, 0.0826], [61508.9, 1.0], [61508.0, 0.3], [61506.18, 0.0826], [61504.91, 0.02], [61503.11, 0.0163], [61503.1, 0.03], [61501.0, 0.3], [61500.02, 0.0202], [61496.8, 1.0]], "asks": [[61529.23, 0.1126], [61532.3, 0.00089238], [61533.81, 0.5], [61536.81, 0.5], [61542.9, 1.0], [61544.4, 1.0], [61589.98, 0.04], [61589.99, 0.10473984]], "ts": 1727882265976}
{"bids": [[61511.07, 0.0826], [61508.9, 1.0], [61508.0, 0.3], [61506.18, 0.0826], [61504.91, 0.02], [61503.11, 0.0163], [61503.1, 0.03], [61501.0, 0.3], [61500.02, 0.0202], [61496.8, 1.0]], "asks": [[61529.23, 0.1126], [61532.3, 0.00089238], [61533.81, 0.5], [61536.81, 0.5], [61542.9, 1.0], [61544.4, 1.0], [61589.98, 0.04], [61589.99, 0.10473984]], "ts": 1727882265977}
{"bids": [[61511.07, 0.0826], [61508.9, 1.0], [61508.0, 0.3], [61506.18, 0.0826], [61504.91, 0.02], [61503.11, 0.0163], [61503.1, 0.03], [61501.0, 0.3], [61500.02, 0.0202], [61496.8, 1.0]], "asks": [[61529.23, 0.1126], [61532.3, 0.00089238], [61533.81, 0.5], [61536.0, 0.3], [61536.81, 0.5], [61542.9, 1.0], [61544.4, 1.0], [61589.98, 0.04], [61589.99, 0.10473984]], "ts": 1727882265977}
{"bids": [[61511.07, 0.0826], [61508.9, 1.0], [61508.0, 0.3], [61506.18, 0.0826], [61504.91, 0.02], [61503.11, 0.0163], [61503.1, 0.03], [61501.0, 0.3], [61500.02, 0.0202], [61496.8, 1.0]], "asks": [[61529.23, 0.1126], [61532.3, 0.00089238], [61533.81, 0.5], [61536.0, 0.3], [61536.81, 0.5], [61542.1, 1.0], [61542.9, 1.0], [61544.4, 1.0], [61589.98, 0.04], [61589.99, 0.10473984]], "ts": 1727882265977}
{"bids": [[61511.07, 0.0826], [61508.9, 1.0], [61508.0, 0.3], [61506.18, 0.0826], [61504.91, 0.02], [61503.11, 0.0163], [61503.1, 0.03], [61501.0, 0.3], [61500.02, 0.0202], [61496.8, 1.0]], "asks": [[61529.23, 0.1126], [61532.3, 0.00089238], [61533.81, 0.5], [61536.0, 0.3], [61536.81, 0.5], [61542.1, 1.0], [61544.4, 1.0], [61589.98, 0.04], [61589.99, 0.10473984]], "ts": 1727882265978}
{"bids": [[61511.07, 0.0826], [61508.9, 1.0], [61508.0, 0.3], [61506.18, 0.0826], [61506.0, 0.03], [61504.91, 0.02], [61503.11, 0.0163], [61503.1, 0.03], [61501.0, 0.3], [61500.02, 0.0202]], "asks": [[61529.23, 0.1126], [61532.3, 0.00089238], [61533.81, 0.5], [61536.0, 0.3], [61536.81, 0.5], [61542.1, 1.0], [61544.4, 1.0], [61589.98, 0.04], [61589.99, 0.10473984]], "ts": 1727882265978}
{"bids": [[61511.07, 0.0826], [61508.9, 1.0], [61508.0, 0.3], [61506.18, 0.0826], [61506.0, 0.03], [61504.91, 0.02], [61503.11, 0.0163], [61501.0, 0.3], [61500.02, 0.0202]], "asks": [[61529.23, 0.1126], [61532.3, 0.00089238], [61533.81, 0.5], [61536.0, 0.3], [61536.81, 0.5], [61542.1, 1.0], [61544.4, 1.0], [61589.98, 0.04], [61589.99, 0.10473984]], "ts": 1727882265979}
{"bids": [[61511.07, 0.0826], [61508.9, 1.0], [61508.0, 0.3], [61506.18, 0.0826], [61506.0, 0.03], [61504.91, 0.02], [61503.11, 0.0163], [61501.0, 0.3], [61500.02, 0.0202]], "asks": [[61529.23, 0.1126], [61532.3, 0.00089238], [61536.0, 0.3], [61536.81, 0.5], [61542.1, 1.0], [61544.4, 1.0], [61589.98, 0.04], [61589.99, 0.10473984]], "ts": 1727882265979}
{"bids": [[61511.07, 0.0826], [61508.9, 1.0], [61508.0, 0.3], [61506.18, 0.0826], [61506.0, 0.03], [61504.91, 0.02], [61503.11, 0.0163], [61501.0, 0.3], [61500.02, 0.0202]], "asks": [[61529.23, 0.1126], [61531.74, 0.5], [61532.3, 0.00089238], [61536.0, 0.3], [61536.81, 0.5], [61542.1, 1.0], [61544.4, 1.0], [61589.98, 0.04], [61589.99, 0.10473984]], "ts": 1727882265980}
{"bids": [[61511.07, 0.0826], [61508.9, 1.0], [61508.0, 0.3], [61506.18, 0.0826], [61506.0, 0.03], [61504.91, 0.02], [61503.11, 0.0163], [61501.0, 0.3], [61500.02, 0.0202]], "asks": [[61529.23, 0.1126], [61531.74, 0.5], [61532.3, 0.00089238], [61536.0, 0.3], [61536.81, 0.5], [61541.5, 1.0], [61542.1, 1.0], [61544.4, 1.0], [61589.98, 0.04], [61589.99, 0.10473984]], "ts": 1727882265980}
{"bids": [[61511.07, 0.0826], [61508.9, 1.0], [61508.0, 0.3], [61506.18, 0.0826], [61506.0, 0.03], [61504.91, 0.02], [61503.11, 0.0163], [61501.0, 0.3], [61500.02, 0.0202]], "asks": [[61529.23, 0.1126], [61531.74, 0.5], [61532.3, 0.00089238], [61536.0, 0.3], [61536.81, 0.5], [61541.5, 1.0], [61544.4, 1.0], [61589.98, 0.04], [61589.99, 0.10473984]], "ts": 1727882265981}
{"bids": [[61511.07, 0.0826], [61508.9, 1.0], [61508.0, 0.3], [61506.18, 0.0826], [61506.0, 0.03], [61504.91, 0.02], [61503.11, 0.0163], [61501.0, 0.3], [61500.02, 0.0202]], "asks": [[61529.23, 0.1126], [61531.74, 0.5], [61532.3, 0.00089238], [61534.0, 0.3], [61536.0, 0.3], [61536.81, 0.5], [61541.5, 1.0], [61544.4, 1.0], [61589.98, 0.04], [61589.99, 0.10473984]], "ts": 1727882265981}
{"bids": [[61511.07, 0.0826], [61508.9, 1.0], [61508.0, 0.3], [61506.18, 0.0826], [61506.0, 0.03], [61504.91, 0.02], [61503.11, 0.0163], [61501.0, 0.3], [61500.02, 0.0202]], "asks": [[61529.23, 0.1126], [61531.74, 0.5], [61532.3, 0.00089238], [61534.0, 0.3], [61536.81, 0.5], [61541.5, 1.0], [61544.4, 1.0], [61589.98, 0.04], [61589.99, 0.10473984]], "ts": 1727882265982}
{"bids": [[61511.07, 0.0826], [61508.9, 1.0], [61508.0, 0.3], [61506.18, 0.0826], [61506.0, 0.03], [61504.91, 0.02], [61503.11, 0.0163], [61500.02, 0.0202]], "asks": [[61529.23, 0.1126], [61531.74, 0.5], [61532.3, 0.00089238], [61534.0, 0.3], [61536.81, 0.5], [61541.5, 1.0], [61544.4, 1.0], [61589.98, 0.04], [61589.99, 0.10473984]], "ts": 1727882265982}
{"bids": [[61511.07, 0.0826], [61508.9, 1.0], [61508.0, 0.3], [61506.18, 0.0826], [61506.0, 0.03], [61504.91, 0.02], [61503.11, 0.0163], [61500.02, 0.0202]], "asks": [[61529.23, 0.1126], [61531.74, 0.5], [61532.3, 0.00089238], [61534.0, 0.3], [61536.81, 0.5], [61541.5, 1.0], [61544.4, 1.0], [61589.98, 0.04], [61589.99, 0.10473984]], "ts": 1727882265983}
{"bids": [[61511.07, 0.0826], [61508.9, 1.0], [61508.0, 0.3], [61506.18, 0.0826], [61506.0, 0.03], [61504.91, 0.02], [61503.11, 0.0163]], "asks": [[61529.23, 0.1126], [61531.74, 0.5], [61532.3, 0.00089238], [61534.0, 0.3], [61536.81, 0.5], [61541.5, 1.0], [61544.4, 1.0], [61589.98, 0.04], [61589.99, 0.10473984]], "ts": 1727882265983}
{"bids": [[61511.07, 0.0826], [61508.9, 1.0], [61508.0, 0.3], [61506.0, 0.03], [61504.91, 0.02], [61503.11, 0.0163]], "asks": [[61529.23, 0.1126], [61531.74, 0.5], [61532.3, 0.00089238], [61534.0, 0.3], [61536.81, 0.5], [61541.5, 1.0], [61544.4, 1.0], [61589.98, 0.04], [61589.99, 0.10473984]], "ts": 1727882265984}
{"bids": [[61511.07, 0.0826], [61508.9, 1.0], [61508.0, 0.3], [61506.0, 0.03], [61504.91, 0.02], [61503.11, 0.0163], [61500.0, 0.3]], "asks": [[61529.23, 0.1126], [61531.74, 0.5], [61532.3, 0.00089238], [61534.0, 0.3], [61536.81, 0.5], [61541.5, 1.0], [61544.4, 1.0], [61589.98, 0.04], [61589.99, 0.10473984]], "ts": 1727882265984}
{"bids": [[61511.07, 0.0826], [61508.9, 1.0], [61508.0, 0.3], [61506.0, 0.03], [61504.91, 0.02], [61503.11, 0.0163], [61500.0, 0.3]], "asks": [[61529.23, 0.1126], [61531.74, 0.5], [61532.3, 0.00089238], [61534.0, 0.3], [61536.81, 0.5], [61544.4, 1.0], [61589.98, 0.04], [61589.99, 0.10473984]], "ts": 1727882265985}
{"bids": [[61511.07, 0.0826], [61508.9, 1.0], [61508.0, 0.3], [61506.0, 0.03], [61504.91, 0.02], [61503.11, 0.0163], [61500.0, 0.3], [61499.84, 0.0203]], "asks": [[61529.23, 0.1126], [61531.74, 0.5], [61532.3, 0.00089238], [61534.0, 0.3], [61536.81, 0.5], [61544.4, 1.0], [61589.98, 0.04], [61589.99, 0.10473984]], "ts": 1727882265986}
{"bids": [[61511.07, 0.0826], [61508.9, 1.0], [61508.0, 0.3], [61504.91, 0.02], [61503.11, 0.0163], [61500.0, 0.3], [61499.84, 0.0203]], "asks": [[61529.23, 0.1126], [61531.74, 0.5], [61532.3, 0.00089238], [61534.0, 0.3], [61536.81, 0.5], [61544.4, 1.0], [61589.98, 0.04], [61589.99, 0.10473984]], "ts": 1727882265986}
{"bids": [[61511.07, 0.0826], [61508.9, 1.0], [61508.0, 0.3], [61504.91, 0.02], [61503.11, 0.0163], [61500.0, 0.3], [61499.84, 0.0203]], "asks": [[61529.23, 0.1126], [61531.74, 0.5], [61532.3, 0.00089238], [61533.0, 0.3], [61534.0, 0.3], [61536.81, 0.5], [61544.4, 1.0], [61589.98, 0.04], [61589.99, 0.10473984]], "ts": 1727882265987}
{"bids": [[61511.07, 0.0826], [61508.9, 1.0], [61508.0, 0.3], [61504.91, 0.02], [61503.11, 0.0163], [61500.0, 0.3], [61499.84, 0.0203]], "asks": [[61529.23, 0.1126], [61531.74, 0.5], [61532.3, 0.00089238], [61533.0, 0.3], [61536.81, 0.5], [61544.4, 1.0], [61589.98, 0.04], [61589.99, 0.10473984]], "ts": 1727882265988}
{"bids": [[61511.07, 0.0826], [61508.9, 1.0], [61508.0, 0.3], [61504.91, 0.02], [61503.11, 0.0163], [61500.0, 0.3], [61499.84, 0.0203], [61492.6, 1.0]], "asks": [[61529.23, 0.1126], [61531.74, 0.5], [61532.3, 0.00089238], [61533.0, 0.3], [61536.81, 0.5], [61544.4, 1.0], [61589.98, 0.04], [61589.99, 0.10473984]], "ts": 1727882265988}
{"bids": [[61511.07, 0.0826], [61508.9, 1.0], [61508.0, 0.3], [61504.91, 0.02], [61503.11, 0.0163], [61500.0, 0.3], [61499.84, 0.0203], [61492.6, 1.0]], "asks": [[61529.23, 0.1126], [61531.74, 0.5], [61532.3, 0.00089238], [61533.0, 0.3], [61536.81, 0.5], [61544.4, 1.0], [61589.98, 0.04], [61589.99, 0.10473984]], "ts": 1727882265989}
{"bids": [[61511.07, 0.0826], [61508.9, 1.0], [61508.0, 0.3], [61504.91, 0.02], [61503.11, 0.0163], [61500.0, 0.3], [61499.84, 0.0203], [61492.6, 1.0]], "asks": [[61529.23, 0.1126], [61531.74, 0.5], [61532.3, 0.00089238], [61533.0, 0.3], [61536.81, 0.5], [61544.4, 1.0], [61589.98, 0.04], [61589.99, 0.10473984]], "ts": 1727882265989}
{"bids": [[61511.07, 0.0826], [61508.9, 1.0], [61508.0, 0.3], [61504.91, 0.02], [61503.11, 0.0163], [61500.0, 0.3], [61499.84, 0.0203]], "asks": [[61529.23, 0.1126], [61531.74, 0.5], [61532.3, 0.00089238], [61533.0, 0.3], [61536.81, 0.5], [61544.4, 1.0], [61589.98, 0.04], [61589.99, 0.10473984]], "ts": 1727882265990}
{"bids": [[61511.07, 0.0826], [61508.9, 1.0], [61508.0, 0.3], [61504.91, 0.02], [61503.11, 0.0163], [61500.0, 0.3], [61499.84, 0.0203]], "asks": [[61529.23, 0.1126], [61532.3, 0.00089238], [61533.0, 0.3], [61536.81, 0.5], [61544.4, 1.0], [61589.98, 0.04], [61589.99, 0.10473984]], "ts": 1727882265991}
{"bids": [[61511.07, 0.0826], [61508.9, 1.0], [61508.0, 0.3], [61504.91, 0.02], [61503.11, 0.0163], [61500.0, 0.3], [61499.84, 0.0203]], "asks": [[61529.23, 0.1126], [61531.72, 0.5], [61532.3, 0.00089238], [61533.0, 0.3], [61536.81, 0.5], [61544.4, 1.0], [61589.98, 0.04], [61589.99, 0.10473984]], "ts": 1727882265991}
{"bids": [[61511.07, 0.0826], [61508.9, 1.0], [61508.0, 0.3], [61504.91, 0.02], [61503.11, 0.0163], [61500.0, 0.3], [61499.84, 0.0203]], "asks": [[61529.23, 0.1126], [61531.72, 0.5], [61532.3, 0.00089238], [61533.0, 0.3], [61536.81, 0.5], [61543.5, 1.0], [61544.4, 1.0], [61589.98, 0.04], [61589.99, 0.10473984]], "ts": 1727882265992}
{"bids": [[61511.07, 0.0826], [61508.9, 1.0], [61508.0, 0.3], [61504.91, 0.02], [61503.11, 0.0163], [61500.0, 0.3], [61499.84, 0.0203], [58504.72, 0.00079301]], "asks": [[61529.23, 0.1126], [61531.72, 0.5], [61532.3, 0.00089238], [61533.0, 0.3], [61536.81, 0.5], [61543.5, 1.0], [61544.4, 1.0], [61589.98, 0.04], [61589.99, 0.10473984]], "ts": 1727882265993}
{"bids": [[61511.07, 0.0826], [61508.9, 1.0], [61508.0, 0.3], [61504.91, 0.02], [61503.11, 0.0163], [61500.0, 0.3], [61499.84, 0.0203], [61491.3, 1.0], [58504.72, 0.00079301]], "asks": [[61529.23, 0.1126], [61531.72, 0.5], [61532.3, 0.00089238], [61533.0, 0.3], [61536.81, 0.5], [61543.5, 1.0], [61544.4, 1.0], [61589.98, 0.04], [61589.99, 0.10473984]], "ts": 1727882265993}
{"bids": [[61511.07, 0.0826], [61508.9, 1.0], [61508.0, 0.3], [61504.91, 0.02], [61503.11, 0.0163], [61500.0, 0.3], [61499.84, 0.0203], [61491.3, 1.0], [58504.72, 0.00079301]], "asks": [[61529.23, 0.1126], [61531.72, 0.5], [61532.3, 0.00089238], [61533.0, 0.3], [61536.81, 0.5], [61543.5, 1.0], [61544.4, 1.0], [61589.98, 0.04], [61589.99, 0.10473984]], "ts": 1727882265994}
{"bids": [[61511.07, 0.0826], [61508.9, 1.0], [61508.0, 0.3], [61504.91, 0.02], [61503.11, 0.0163], [61500.0, 0.3], [61499.84, 0.0203], [61491.3, 1.0], [61487.68, 0.5], [58504.72, 0.00079301]], "asks": [[61529.23, 0.1126], [61531.72, 0.5], [61532.3, 0.00089238], [61533.0, 0.3], [61536.81, 0.5], [61543.5, 1.0], [61544.4, 1.0], [61589.98, 0.04], [61589.99, 0.10473984]], "ts": 1727882265995}
{"bids": [[61511.07, 0.0826], [61508.9, 1.0], [61508.0, 0.3], [61504.91, 0.02], [61503.11, 0.0163], [61500.0, 0.3], [61499.84, 0.0203], [61491.3, 1.0], [58504.72, 0.00079301]], "asks": [[61529.23, 0.1126], [61531.72, 0.5], [61532.3, 0.00089238], [61533.0, 0.3], [61536.81, 0.5], [61543.5, 1.0], [61544.4, 1.0], [61589.98, 0.04], [61589.99, 0.10473984]], "ts": 1727882265995}
{"bids": [[61511.07, 0.0826], [61508.9, 1.0], [61508.0, 0.3], [61504.91, 0.02], [61503.11, 0.0163], [61500.0, 0.3], [61499.84, 0.0203], [61491.3, 1.0], [61486.68, 0.5], [58504.72, 0.00079301]], "asks": [[61529.23, 0.1126], [61531.72, 0.5], [61532.3, 0.00089238], [61533.0, 0.3], [61536.81, 0.5], [61543.5, 1.0], [61544.4, 1.0], [61589.98, 0.04], [61589.99, 0.10473984]], "ts": 1727882265996}
{"bids": [[61511.07, 0.0826], [61508.9, 1.0], [61508.0, 0.3], [61504.91, 0.02], [61503.11, 0.0163], [61500.0, 0.3], [61499.84, 0.0203], [61491.3, 1.0], [61486.68, 0.5], [58504.72, 0.00079301]], "asks": [[61529.23, 0.1126], [61531.72, 0.5], [61532.3, 0.00089238], [61533.0, 0.3], [61536.81, 0.5], [61543.5, 1.0], [61544.4, 1.0], [61589.98, 0.04], [61589.99, 0.10473984], [64663.12, 0.00078934]], "ts": 1727882265997}
{"bids": [[61511.07, 0.0826], [61508.9, 1.0], [61508.0, 0.3], [61504.91, 0.02], [61503.11, 0.0163], [61500.0, 0.3], [61499.84, 0.0203], [61491.3, 1.0], [58504.72, 0.00079301]], "asks": [[61529.23, 0.1126], [61531.72, 0.5], [61532.3, 0.00089238], [61533.0, 0.3], [61536.81, 0.5], [61543.5, 1.0], [61544.4, 1.0], [61589.98, 0.04], [61589.99, 0.10473984], [64663.12, 0.00078934]], "ts": 1727882265997}
{"bids": [[61511.07, 0.0826], [61508.9, 1.0], [61508.0, 0.3], [61504.91, 0.02], [61503.11, 0.0163], [61500.0, 0.3], [61499.84, 0.0203], [61491.3, 1.0], [61484.61, 0.5], [58504.72, 0.00079301]], "asks": [[61529.23, 0.1126], [61531.72, 0.5], [61532.3, 0.00089238], [61533.0, 0.3], [61536.81, 0.5], [61543.5, 1.0], [61544.4, 1.0], [61589.98, 0.04], [61589.99, 0.10473984], [64663.12, 0.00078934]], "ts": 1727882265998}
{"bids": [[61511.07, 0.0826], [61508.9, 1.0], [61508.0, 0.3], [61504.91, 0.02], [61500.0, 0.3], [61499.84, 0.0203], [61491.3, 1.0], [61484.61, 0.5], [58504.72, 0.00079301]], "asks": [[61529.23, 0.1126], [61531.72, 0.5], [61532.3, 0.00089238], [61533.0, 0.3], [61536.81, 0.5], [61543.5, 1.0], [61544.4, 1.0], [61589.98, 0.04], [61589.99, 0.10473984], [64663.12, 0.00078934]], "ts": 1727882265999}
{"bids": [[61511.07, 0.0826], [61508.9, 1.0], [61508.0, 0.3], [61504.91, 0.02], [61500.0, 0.3], [61499.84, 0.0203], [61491.3, 1.0], [61484.61, 0.5], [58504.72, 0.00079301]], "asks": [[61529.23, 0.1126], [61531.72, 0.5], [61532.3, 0.00089238], [61533.0, 0.3], [61536.81, 0.5], [61543.5, 1.0], [61544.4, 1.0], [61589.98, 0.04], [61589.99, 0.10473984], [64663.12, 0.00078934]], "ts": 1727882265999}
{"bids": [[61511.07, 0.0826], [61508.9, 1.0], [61508.0, 0.3], [61504.91, 0.02], [61500.0, 0.3], [61499.84, 0.0203], [61491.3, 1.0], [61484.61, 0.5], [58504.72, 0.00079301]], "asks": [[61529.23, 0.1126], [61531.72, 0.5], [61532.3, 0.00089238], [61533.0, 0.3], [61536.81, 0.5], [61543.5, 1.0], [61544.4, 1.0], [61589.98, 0.04], [61589.99, 0.10473984], [64663.12, 0.00078934]], "ts": 1727882266000}
{"bids": [[61511.07, 0.0826], [61508.9, 1.0], [61508.0, 0.3], [61504.91, 0.02], [61500.0, 0.3], [61499.84, 0.0203], [61491.3, 1.0], [61484.61, 0.5]], "asks": [[61529.23, 0.1126], [61531.72, 0.5], [61532.3, 0.00089238], [61533.0, 0.3], [61536.81, 0.5], [61543.5, 1.0], [61544.4, 1.0], [61589.98, 0.04], [61589.99, 0.10473984], [64663.12, 0.00078934]], "ts": 1727882266001}
{"bids": [[61511.07, 0.0826], [61508.9, 1.0], [61508.0, 0.3], [61504.91, 0.02], [61500.0, 0.3], [61499.84, 0.0203], [61491.3, 1.0], [61484.61, 0.5]], "asks": [[61529.23, 0.1126], [61531.72, 0.5], [61532.3, 0.00089238], [61533.0, 0.3], [61536.81, 0.5], [61541.3, 1.0], [61543.5, 1.0], [61544.4, 1.0], [61589.98, 0.04], [61589.99, 0.10473984]], "ts": 1727882266001}
{"bids": [[61511.07, 0.0826], [61508.9, 1.0], [61508.0, 0.3], [61504.91, 0.02], [61500.0, 0.3], [61499.84, 0.0203], [61491.3, 1.0], [61484.61, 0.5]], "asks": [[61529.23, 0.1126], [61531.72, 0.5], [61532.3, 0.00089238], [61533.0, 0.3], [61536.81, 0.5], [61541.3, 1.0], [61544.4, 1.0], [61589.98, 0.04], [61589.99, 0.10473984]], "ts": 1727882266002}
{"bids": [[61511.07, 0.0826], [61508.9, 1.0], [61508.0, 0.3], [61504.91, 0.02], [61500.0, 0.3], [61499.84, 0.0203], [61491.3, 1.0], [61484.61, 0.5]], "asks": [[61529.23, 0.1126], [61531.72, 0.5], [61532.3, 0.00089238], [61533.0, 0.3], [61536.81, 0.5], [61541.3, 1.0], [61544.4, 1.0], [61589.98, 0.04], [61589.99, 0.10473984]], "ts": 1727882266003}
{"bids": [[61511.07, 0.0826], [61508.9, 1.0], [61508.0, 0.3], [61504.91, 0.02], [61501.32, 0.0163], [61500.0, 0.3], [61499.84, 0.0203], [61491.3, 1.0], [61484.61, 0.5]], "asks": [[61529.23, 0.1126], [61531.72, 0.5], [61532.3, 0.00089238], [61533.0, 0.3], [61536.81, 0.5], [61541.3, 1.0], [61544.4, 1.0], [61589.98, 0.04], [61589.99, 0.10473984]], "ts": 1727882266003}
{"bids": [[61511.07, 0.0826], [61508.9, 1.0], [61508.0, 0.3], [61504.91, 0.02], [61501.32, 0.0163], [61500.0, 0.3], [61499.84, 0.0203], [61495.6, 0.163], [61491.3, 1.0], [61484.61, 0.5]], "asks": [[61529.23, 0.1126], [61531.72, 0.5], [61532.3, 0.00089238], [61533.0, 0.3], [61536.81, 0.5], [61541.3, 1.0], [61544.4, 1.0], [61589.98, 0.04], [61589.99, 0.10473984]], "ts": 1727882266003}
{"bids": [[61511.07, 0.0826], [61508.9, 1.0], [61508.0, 0.3], [61504.91, 0.02], [61501.32, 0.0163], [61500.0, 0.3], [61499.84, 0.0203], [61495.6, 0.163], [61491.3, 1.0], [61484.61, 0.5]], "asks": [[61529.23, 0.1126], [61531.72, 0.5], [61532.3, 0.00089238], [61533.0, 0.3], [61536.81, 0.5], [61541.3, 1.0], [61544.4, 1.0], [61589.98, 0.04], [61589.99, 0.10473984]], "ts": 1727882266004}
{"bids": [[61511.07, 0.0826], [61508.9, 1.0], [61508.0, 0.3], [61504.91, 0.02], [61501.32, 0.0163], [61500.0, 0.3], [61499.84, 0.0203], [61495.6, 0.163], [61491.3, 1.0], [61484.61, 0.5]], "asks": [[61529.23, 0.1126], [61531.72, 0.5], [61532.0, 0.3], [61532.3, 0.00089238], [61533.0, 0.3], [61536.81, 0.5], [61541.3, 1.0], [61544.4, 1.0], [61589.98, 0.04], [61589.99, 0.10473984]], "ts": 1727882266004}
{"bids": [[61511.07, 0.0826], [61508.9, 1.0], [61508.0, 0.3], [61504.91, 0.02], [61501.32, 0.0163], [61500.0, 0.3], [61499.84, 0.0203], [61495.6, 0.163], [61491.3, 1.0], [61484.61, 0.5]], "asks": [[61529.23, 0.1126], [61531.72, 0.5], [61532.0, 0.3], [61532.3, 0.00089238], [61536.81, 0.5], [61541.3, 1.0], [61544.4, 1.0], [61589.98, 0.04], [61589.99, 0.10473984]], "ts": 1727882266005}
{"bids": [[61511.07, 0.0826], [61508.9, 1.0], [61508.0, 0.3], [61504.91, 0.02], [61501.32, 0.0163], [61500.0, 0.3], [61499.84, 0.0203], [61495.6, 0.163], [61491.3, 1.0], [61484.61, 0.5]], "asks": [[61529.23, 0.1126], [61531.72, 0.5], [61532.3, 0.00089238], [61536.81, 0.5], [61541.3, 1.0], [61544.4, 1.0], [61589.98, 0.04], [61589.99, 0.10473984]], "ts": 1727882266005}
{"bids": [[61511.07, 0.0826], [61508.9, 1.0], [61508.0, 0.3], [61504.91, 0.02], [61501.32, 0.0163], [61500.0, 0.3], [61499.84, 0.0203], [61495.6, 0.163], [61491.3, 1.0], [61484.61, 0.5]], "asks": [[61529.23, 0.1126], [61531.72, 0.5], [61532.3, 0.00089238], [61536.81, 0.5], [61541.3, 1.0], [61544.4, 1.0], [61589.98, 0.04], [61589.99, 0.10473984], [64658.91, 0.00088472]], "ts": 1727882266006}
{"bids": [[61511.07, 0.0826], [61508.9, 1.0], [61508.0, 0.3], [61504.91, 0.02], [61501.32, 0.0163], [61500.0, 0.3], [61499.84, 0.0203], [61495.6, 0.163], [61491.3, 1.0], [61484.61, 0.5]], "asks": [[61529.23, 0.1126], [61531.72, 0.5], [61532.3, 0.00089238], [61536.81, 0.5], [61537.0, 0.3], [61541.3, 1.0], [61544.4, 1.0], [61589.98, 0.04], [61589.99, 0.10473984], [64658.91, 0.00088472]], "ts": 1727882266007}
{"bids": [[61511.07, 0.0826], [61508.9, 1.0], [61508.0, 0.3], [61504.91, 0.02], [61501.32, 0.0163], [61500.0, 0.3], [61499.84, 0.0203], [61495.6, 0.163], [61491.6, 1.0], [61491.3, 1.0]], "asks": [[61529.23, 0.1126], [61531.72, 0.5], [61532.3, 0.00089238], [61536.81, 0.5], [61537.0, 0.3], [61541.3, 1.0], [61544.4, 1.0], [61589.98, 0.04], [61589.99, 0.10473984], [64658.91, 0.00088472]], "ts": 1727882266008}
{"bids": [[61511.07, 0.0826], [61508.9, 1.0], [61508.0, 0.3], [61504.91, 0.02], [61501.32, 0.0163], [61500.0, 0.3], [61499.84, 0.0203], [61495.6, 0.163], [61491.6, 1.0]], "asks": [[61529.23, 0.1126], [61531.72, 0.5], [61532.3, 0.00089238], [61536.81, 0.5], [61537.0, 0.3], [61541.3, 1.0], [61544.4, 1.0], [61589.98, 0.04], [61589.99, 0.10473984], [64658.91, 0.00088472]], "ts": 1727882266009}
{"bids": [[61511.07, 0.0826], [61508.9, 1.0], [61508.0, 0.3], [61504.91, 0.02], [61501.32, 0.0163], [61500.0, 0.3], [61499.84, 0.0203], [61495.6, 0.163], [61491.6, 1.0]], "asks": [[61529.23, 0.1126], [61532.3, 0.00089238], [61536.81, 0.5], [61537.0, 0.3], [61541.3, 1.0], [61544.4, 1.0], [61589.98, 0.04], [61589.99, 0.10473984], [64658.91, 0.00088472]], "ts": 1727882266010}
{"bids": [[61511.07, 0.0826], [61508.9, 1.0], [61508.0, 0.3], [61504.91, 0.02], [61501.32, 0.0163], [61500.0, 0.3], [61499.84, 0.0203], [61495.6, 0.163], [61491.6, 1.0]], "asks": [[61529.23, 0.1126], [61532.3, 0.00089238], [61533.31, 0.5], [61536.81, 0.5], [61537.0, 0.3], [61541.3, 1.0], [61544.4, 1.0], [61589.98, 0.04], [61589.99, 0.10473984], [64658.91, 0.00088472]], "ts": 1727882266011}
{"bids": [[61511.07, 0.0826], [61508.9, 1.0], [61508.0, 0.3], [61504.91, 0.02], [61501.32, 0.0163], [61500.0, 0.3], [61499.84, 0.0203], [61495.6, 0.163], [61491.7, 1.0], [61491.6, 1.0]], "asks": [[61529.23, 0.1126], [61532.3, 0.00089238], [61533.31, 0.5], [61536.81, 0.5], [61537.0, 0.3], [61541.3, 1.0], [61544.4, 1.0], [61589.98, 0.04], [61589.99, 0.10473984], [64658.91, 0.00088472]], "ts": 1727882266012}
{"bids": [[61511.07, 0.0826], [61508.9, 1.0], [61508.0, 0.3], [61504.91, 0.02], [61501.32, 0.0163], [61500.0, 0.3], [61499.84, 0.0203], [61495.6, 0.163], [61491.7, 1.0]], "asks": [[61529.23, 0.1126], [61532.3, 0.00089238], [61533.31, 0.5], [61536.81, 0.5], [61537.0, 0.3], [61541.3, 1.0], [61544.4, 1.0], [61589.98, 0.04], [61589.99, 0.10473984], [64658.91, 0.00088472]], "ts": 1727882266013}
{"bids": [[61511.07, 0.0826], [61508.9, 1.0], [61508.0, 0.3], [61504.91, 0.02], [61501.32, 0.0163], [61500.0, 0.3], [61499.84, 0.0203], [61495.6, 0.163], [61491.7, 1.0]], "asks": [[61529.23, 0.1126], [61532.3, 0.00089238], [61533.31, 0.5], [61536.81, 0.5], [61537.0, 0.3], [61544.4, 1.0], [61589.98, 0.04], [61589.99, 0.10473984], [64658.91, 0.00088472]], "ts": 1727882266014}
{"bids": [[61511.07, 0.0826], [61508.9, 1.0], [61508.0, 0.3], [61504.91, 0.02], [61504.39, 0.0826], [61501.32, 0.0163], [61500.0, 0.3], [61499.84, 0.0203], [61495.6, 0.163], [61491.7, 1.0]], "asks": [[61529.23, 0.1126], [61532.3, 0.00089238], [61533.31, 0.5], [61536.81, 0.5], [61537.0, 0.3], [61544.4, 1.0], [61589.98, 0.04], [61589.99, 0.10473984], [64658.91, 0.00088472]], "ts": 1727882266015}
{"bids": [[61511.07, 0.0826], [61508.9, 1.0], [61508.0, 0.3], [61504.91, 0.02], [61504.39, 0.0826], [61501.32, 0.0163], [61501.0, 0.3], [61500.0, 0.3], [61499.84, 0.0203], [61495.6, 0.163]], "asks": [[61529.23, 0.1126], [61532.3, 0.00089238], [61533.31, 0.5], [61536.81, 0.5], [61537.0, 0.3], [61544.4, 1.0], [61589.98, 0.04], [61589.99, 0.10473984], [64658.91, 0.00088472]], "ts": 1727882266016}
{"bids": [[61511.07, 0.0826], [61508.9, 1.0], [61508.0, 0.3], [61504.91, 0.02], [61504.39, 0.0826], [61501.32, 0.0163], [61501.0, 0.3], [61499.84, 0.0203], [61495.6, 0.163]], "asks": [[61529.23, 0.1126], [61532.3, 0.00089238], [61533.31, 0.5], [61536.81, 0.5], [61537.0, 0.3], [61544.4, 1.0], [61589.98, 0.04], [61589.99, 0.10473984], [64658.91, 0.00088472]], "ts": 1727882266017}
{"bids": [[61511.07, 0.0826], [61508.9, 1.0], [61508.0, 0.3], [61504.91, 0.02], [61504.39, 0.0826], [61501.32, 0.0163], [61501.0, 0.3], [61499.84, 0.0203], [61496.6, 1.0], [61495.6, 0.163]], "asks": [[61529.23, 0.1126], [61532.3, 0.00089238], [61533.31, 0.5], [61536.81, 0.5], [61537.0, 0.3], [61544.4, 1.0], [61589.98, 0.04], [61589.99, 0.10473984], [64658.91, 0.00088472]], "ts": 1727882266018}
{"bids": [[61511.07, 0.0826], [61508.9, 1.0], [61508.0, 0.3], [61504.91, 0.02], [61504.39, 0.0826], [61501.32, 0.0163], [61501.0, 0.3], [61499.84, 0.0203], [61496.6, 1.0], [61495.6, 0.163]], "asks": [[61529.23, 0.1126], [61532.3, 0.00089238], [61533.31, 0.5], [61536.81, 0.5], [61537.0, 0.3], [61544.4, 1.0], [61589.98, 0.04], [61589.99, 0.10473984], [64658.91, 0.00088472]], "ts": 1727882266019}
{"bids": [[61511.07, 0.0826], [61508.9, 1.0], [61508.0, 0.3], [61504.91, 0.02], [61504.39, 0.0826], [61501.32, 0.0163], [61501.0, 0.3], [61499.84, 0.0203], [61496.6, 1.0], [61495.6, 0.163]], "asks": [[61529.23, 0.1126], [61532.3, 0.00089238], [61533.31, 0.5], [61536.81, 0.5], [61537.0, 0.3], [61541.1, 1.0], [61544.4, 1.0], [61589.98, 0.04], [61589.99, 0.10473984], [64658.91, 0.00088472]], "ts": 1727882266020}
{"bids": [[61511.07, 0.0826], [61508.9, 1.0], [61508.0, 0.3], [61504.91, 0.02], [61504.39, 0.0826], [61504.2, 0.03], [61501.32, 0.0163], [61501.0, 0.3], [61499.84, 0.0203], [61496.6, 1.0]], "asks": [[61529.23, 0.1126], [61532.3, 0.00089238], [61533.31, 0.5], [61536.81, 0.5], [61537.0, 0.3], [61541.1, 1.0], [61544.4, 1.0], [61589.98, 0.04], [61589.99, 0.10473984], [64658.91, 0.00088472]], "ts": 1727882266021}
{"bids": [[61511.07, 0.0826], [61508.9, 1.0], [61508.0, 0.3], [61504.91, 0.02], [61504.39, 0.0826], [61504.2, 0.03], [61501.32, 0.0163], [61501.0, 0.3], [61499.84, 0.0203], [61496.6, 1.0]], "asks": [[61529.23, 0.1126], [61532.3, 0.00089238], [61533.31, 0.5], [61536.81, 0.5], [61537.0, 0.3], [61541.1, 1.0], [61544.4, 1.0], [61589.98, 0.04], [61589.99, 0.10473984], [64658.91, 0.00088472]], "ts": 1727882266022}
{"bids": [[61511.07, 0.0826], [61508.9, 1.0], [61508.0, 0.3], [61504.91, 0.02], [61504.39, 0.0826], [61504.2, 0.03], [61501.32, 0.0163], [61501.0, 0.3], [61499.84, 0.0203], [61496.6, 1.0]], "asks": [[61529.23, 0.1126], [61532.3, 0.00089238], [61533.31, 0.5], [61536.81, 0.5], [61537.0, 0.3], [61541.1, 1.0], [61544.4, 1.0], [61589.98, 0.04], [61589.99, 0.10473984]], "ts": 1727882266023}
{"bids": [[61511.07, 0.0826], [61508.9, 1.0], [61508.0, 0.3], [61504.91, 0.02], [61504.39, 0.0826], [61504.2, 0.03], [61501.32, 0.0163], [61501.0, 0.3], [61499.84, 0.0203], [61496.6, 1.0]], "asks": [[61529.23, 0.1126], [61532.3, 0.00089238], [61533.31, 0.5], [61536.81, 0.5], [61537.0, 0.3], [61541.1, 1.0], [61544.4, 1.0], [61589.98, 0.04], [61589.99, 0.10473984]], "ts": 1727882266024}
{"bids": [[61511.07, 0.0826], [61508.9, 1.0], [61508.0, 0.3], [61504.91, 0.02], [61504.39, 0.0826], [61504.2, 0.03], [61501.32, 0.0163], [61501.0, 0.3], [61499.84, 0.0203], [61496.6, 1.0]], "asks": [[61529.23, 0.1126], [61532.3, 0.00089238], [61533.31, 0.5], [61536.81, 0.5], [61537.0, 0.3], [61541.1, 1.0], [61544.4, 1.0], [61589.98, 0.04], [61589.99, 0.10473984], [64662.46, 0.00083211]], "ts": 1727882266025}
{"bids": [[61511.07, 0.0826], [61508.9, 1.0], [61508.0, 0.3], [61504.91, 0.02], [61504.39, 0.0826], [61504.2, 0.03], [61501.32, 0.0163], [61501.0, 0.3], [61499.84, 0.0203], [61496.6, 1.0]], "asks": [[61529.23, 0.1126], [61532.3, 0.00089238], [61533.31, 0.5], [61536.81, 0.5], [61537.0, 0.3], [61541.1, 1.0], [61544.4, 1.0], [61589.98, 0.04], [61589.99, 0.10473984], [61680.16, 0.00128]], "ts": 1727882266026}
{"bids": [[61511.07, 0.0826], [61508.9, 1.0], [61508.0, 0.3], [61504.91, 0.02], [61504.39, 0.0826], [61504.2, 0.03], [61501.32, 0.0163], [61501.0, 0.3], [61499.84, 0.0203], [61496.6, 1.0]], "asks": [[61529.23, 0.1126], [61532.3, 0.00089238], [61533.0, 0.3], [61533.31, 0.5], [61536.81, 0.5], [61537.0, 0.3], [61541.1, 1.0], [61544.4, 1.0], [61589.98, 0.04], [61589.99, 0.10473984]], "ts": 1727882266027}
{"bids": [[61511.07, 0.0826], [61508.9, 1.0], [61508.0, 0.3], [61504.91, 0.02], [61504.39, 0.0826], [61504.2, 0.03], [61501.32, 0.0163], [61501.0, 0.3], [61499.84, 0.0203], [61496.6, 1.0]], "asks": [[61529.23, 0.1126], [61532.3, 0.00089238], [61533.0, 0.3], [61533.31, 0.5], [61536.81, 0.5], [61541.1, 1.0], [61544.4, 1.0], [61589.98, 0.04], [61589.99, 0.10473984]], "ts": 1727882266027}
{"bids": [[61511.07, 0.0826], [61508.9, 1.0], [61508.0, 0.3], [61504.91, 0.02], [61504.39, 0.0826], [61504.2, 0.03], [61501.32, 0.0163], [61499.84, 0.0203], [61496.6, 1.0]], "asks": [[61529.23, 0.1126], [61532.3, 0.00089238], [61533.0, 0.3], [61533.31, 0.5], [61536.81, 0.5], [61541.1, 1.0], [61544.4, 1.0], [61589.98, 0.04], [61589.99, 0.10473984]], "ts": 1727882266028}
{"bids": [[61511.07, 0.0826], [61508.9, 1.0], [61508.0, 0.3], [61504.91, 0.02], [61504.39, 0.0826], [61504.2, 0.03], [61501.32, 0.0163], [61499.84, 0.0203], [61496.6, 1.0]], "asks": [[61529.23, 0.1126], [61532.3, 0.00089238], [61533.0, 0.3], [61533.31, 0.5], [61536.81, 0.5], [61541.1, 1.0], [61544.4, 1.0], [61589.98, 0.04], [61589.99, 0.10473984]], "ts": 1727882266028}
{"bids": [[61511.07, 0.0826], [61508.9, 1.0], [61508.0, 0.3], [61504.91, 0.02], [61504.39, 0.0826], [61504.2, 0.03], [61501.32, 0.0163], [61499.84, 0.0203], [61496.6, 1.0], [61486.95, 0.5]], "asks": [[61529.23, 0.1126], [61532.3, 0.00089238], [61533.0, 0.3], [61533.31, 0.5], [61536.81, 0.5], [61541.1, 1.0], [61544.4, 1.0], [61589.98, 0.04], [61589.99, 0.10473984]], "ts": 1727882266029}
{"bids": [[61511.07, 0.0826], [61508.9, 1.0], [61508.0, 0.3], [61504.91, 0.02], [61504.39, 0.0826], [61504.2, 0.03], [61501.32, 0.0163], [61500.0, 0.3], [61499.84, 0.0203], [61496.6, 1.0]], "asks": [[61529.23, 0.1126], [61532.3, 0.00089238], [61533.0, 0.3], [61533.31, 0.5], [61536.81, 0.5], [61541.1, 1.0], [61544.4, 1.0], [61589.98, 0.04], [61589.99, 0.10473984]], "ts": 1727882266029}
{"bids": [[61511.07, 0.0826], [61508.9, 1.0], [61508.0, 0.3], [61504.91, 0.02], [61504.39, 0.0826], [61504.2, 0.03], [61501.32, 0.0163], [61500.0, 0.3], [61499.84, 0.0203], [61496.6, 1.0]], "asks": [[61529.23, 0.1126], [61532.3, 0.00089238], [61533.0, 0.3], [61533.31, 0.5], [61536.81, 0.5], [61544.4, 1.0], [61589.98, 0.04], [61589.99, 0.10473984]], "ts": 1727882266030}
{"bids": [[61511.07, 0.0826], [61508.9, 1.0], [61508.0, 0.3], [61504.91, 0.02], [61504.39, 0.0826], [61504.2, 0.03], [61501.32, 0.0163], [61500.0, 0.3], [61499.84, 0.0203], [61496.6, 1.0]], "asks": [[61529.23, 0.1126], [61532.3, 0.00089238], [61533.0, 0.3], [61533.31, 0.5], [61536.81, 0.5], [61541.0, 1.0], [61544.4, 1.0], [61589.98, 0.04], [61589.99, 0.10473984]], "ts": 1727882266030}
{"bids": [[61511.07, 0.0826], [61508.9, 1.0], [61508.0, 0.3], [61504.91, 0.02], [61504.39, 0.0826], [61501.32, 0.0163], [61500.0, 0.3], [61499.84, 0.0203], [61496.6, 1.0]], "asks": [[61529.23, 0.1126], [61532.3, 0.00089238], [61533.0, 0.3], [61533.31, 0.5], [61536.81, 0.5], [61541.0, 1.0], [61544.4, 1.0], [61589.98, 0.04], [61589.99, 0.10473984]], "ts": 1727882266031}
{"bids": [[61511.07, 0.0826], [61508.9, 1.0], [61508.0, 0.3], [61504.91, 0.02], [61504.39, 0.0826], [61501.32, 0.0163], [61500.0, 0.3], [61499.84, 0.0203], [61496.6, 1.0]], "asks": [[61529.23, 0.1126], [61532.3, 0.00089238], [61533.31, 0.5], [61536.81, 0.5], [61541.0, 1.0], [61544.4, 1.0], [61589.98, 0.04], [61589.99, 0.10473984]], "ts": 1727882266031}
{"bids": [[61511.07, 0.0826], [61508.9, 1.0], [61508.0, 0.3], [61504.91, 0.02], [61504.39, 0.0826], [61501.32, 0.0163], [61500.0, 0.3], [61499.84, 0.0203], [61496.6, 1.0]], "asks": [[61529.23, 0.1126], [61532.3, 0.00089238], [61533.31, 0.5], [61536.81, 0.5], [61544.4, 1.0], [61589.98, 0.04], [61589.99, 0.10473984]], "ts": 1727882266032}
{"bids": [[61511.07, 0.0826], [61508.9, 1.0], [61508.0, 0.3], [61504.91, 0.02], [61504.39, 0.0826], [61501.32, 0.0163], [61500.0, 0.3], [61496.6, 1.0]], "asks": [[61529.23, 0.1126], [61532.3, 0.00089238], [61533.31, 0.5], [61536.81, 0.5], [61544.4, 1.0], [61589.98, 0.04], [61589.99, 0.10473984]], "ts": 1727882266032}
{"bids": [[61511.07, 0.0826], [61508.9, 1.0], [61508.0, 0.3], [61504.91, 0.02], [61504.39, 0.0826], [61501.32, 0.0163], [61500.0, 0.3], [61496.6, 1.0]], "asks": [[61529.23, 0.1126], [61532.3, 0.00089238], [61533.0, 0.3], [61533.31, 0.5], [61536.81, 0.5], [61544.4, 1.0], [61589.98, 0.04], [61589.99, 0.10473984]], "ts": 1727882266033}
{"bids": [[61511.07, 0.0826], [61508.9, 1.0], [61508.0, 0.3], [61504.91, 0.02], [61504.39, 0.0826], [61501.32, 0.0163], [61500.0, 0.3], [61498.23, 0.0204], [61496.6, 1.0]], "asks": [[61529.23, 0.1126], [61532.3, 0.00089238], [61533.0, 0.3], [61533.31, 0.5], [61536.81, 0.5], [61544.4, 1.0], [61589.98, 0.04], [61589.99, 0.10473984]], "ts": 1727882266033}
{"bids": [[61511.07, 0.0826], [61508.9, 1.0], [61508.0, 0.3], [61504.91, 0.02], [61504.39, 0.0826], [61501.32, 0.0163], [61500.0, 0.3], [61498.23, 0.0204], [61496.6, 1.0]], "asks": [[61529.23, 0.1126], [61532.3, 0.00089238], [61533.0, 0.3], [61536.81, 0.5], [61544.4, 1.0], [61589.98, 0.04], [61589.99, 0.10473984]], "ts": 1727882266034}
{"bids": [[61511.07, 0.0826], [61508.9, 1.0], [61508.0, 0.3], [61504.91, 0.02], [61504.39, 0.0826], [61501.32, 0.0163], [61500.0, 0.3], [61498.23, 0.0204], [61496.6, 1.0]], "asks": [[61529.23, 0.1126], [61532.3, 0.00089238], [61532.81, 0.5], [61533.0, 0.3], [61536.81, 0.5], [61544.4, 1.0], [61589.98, 0.04], [61589.99, 0.10473984]], "ts": 1727882266034}
{"bids": [[61511.07, 0.0826], [61508.9, 1.0], [61508.0, 0.3], [61504.91, 0.02], [61504.39, 0.0826], [61501.32, 0.0163], [61500.0, 0.3], [61498.23, 0.0204], [61496.6, 1.0]], "asks": [[61529.23, 0.1126], [61532.3, 0.00089238], [61532.81, 0.5], [61533.0, 0.3], [61536.81, 0.5], [61541.0, 1.0], [61544.4, 1.0], [61589.98, 0.04], [61589.99, 0.10473984]], "ts": 1727882266035}
{"bids": [[61511.07, 0.0826], [61508.9, 1.0], [61508.0, 0.3], [61504.91, 0.02], [61504.39, 0.0826], [61501.32, 0.0163], [61500.0, 0.3], [61498.23, 0.0204], [61496.6, 1.0]], "asks": [[61529.23, 0.1126], [61532.3, 0.00089238], [61532.81, 0.5], [61536.81, 0.5], [61541.0, 1.0], [61544.4, 1.0], [61589.98, 0.04], [61589.99, 0.10473984]], "ts": 1727882266036}
{"bids": [[61511.07, 0.0826], [61508.9, 1.0], [61508.0, 0.3], [61504.91, 0.02], [61504.39, 0.0826], [61501.32, 0.0163], [61500.0, 0.3], [61498.23, 0.0204], [61496.6, 1.0]], "asks": [[61529.23, 0.1126], [61532.3, 0.00089238], [61532.81, 0.5], [61536.0, 0.3], [61536.81, 0.5], [61541.0, 1.0], [61544.4, 1.0], [61589.98, 0.04], [61589.99, 0.10473984]], "ts": 1727882266036}
{"bids": [[61511.07, 0.0826], [61508.9, 1.0], [61508.0, 0.3], [61504.91, 0.02], [61504.39, 0.0826], [61501.32, 0.0163], [61501.0, 0.3], [61500.0, 0.3], [61498.23, 0.0204], [61496.6, 1.0]], "asks": [[61529.23, 0.1126], [61532.3, 0.00089238], [61532.81, 0.5], [61536.0, 0.3], [61536.81, 0.5], [61541.0, 1.0], [61544.4, 1.0], [61589.98, 0.04], [61589.99, 0.10473984]], "ts": 1727882266036}
{"bids": [[61511.07, 0.0826], [61508.9, 1.0], [61508.0, 0.3], [61504.91, 0.02], [61504.39, 0.0826], [61501.32, 0.0163], [61501.0, 0.3], [61498.23, 0.0204], [61496.6, 1.0]], "asks": [[61529.23, 0.1126], [61532.3, 0.00089238], [61532.81, 0.5], [61536.0, 0.3], [61536.81, 0.5], [61541.0, 1.0], [61544.4, 1.0], [61589.98, 0.04], [61589.99, 0.10473984]], "ts": 1727882266037}
{"bids": [[61511.07, 0.0826], [61508.9, 1.0], [61508.0, 0.3], [61504.91, 0.02], [61504.39, 0.1126], [61501.32, 0.0163], [61501.0, 0.3], [61498.23, 0.0204], [61496.6, 1.0]], "asks": [[61529.23, 0.1126], [61532.3, 0.00089238], [61532.81, 0.5], [61536.0, 0.3], [61536.81, 0.5], [61541.0, 1.0], [61544.4, 1.0], [61589.98, 0.04], [61589.99, 0.10473984]], "ts": 1727882266037}
{"bids": [[61511.07, 0.0826], [61508.9, 1.0], [61508.0, 0.3], [61504.91, 0.02], [61504.39, 0.1126], [61501.32, 0.0163], [61501.0, 0.3], [61498.23, 0.0204], [61496.6, 1.0]], "asks": [[61529.23, 0.1126], [61532.3, 0.00089238], [61532.81, 0.5], [61535.0, 0.3], [61536.0, 0.3], [61536.81, 0.5], [61541.0, 1.0], [61544.4, 1.0], [61589.98, 0.04], [61589.99, 0.10473984]], "ts": 1727882266038}
{"bids": [[61511.07, 0.0826], [61508.9, 1.0], [61508.0, 0.3], [61504.91, 0.02], [61504.39, 0.1126], [61501.32, 0.0163], [61501.0, 0.3], [61498.23, 0.0204], [61496.6, 1.0]], "asks": [[61529.23, 0.1126], [61532.3, 0.00089238], [61532.81, 0.5], [61535.0, 0.3], [61536.81, 0.5], [61541.0, 1.0], [61544.4, 1.0], [61589.98, 0.04], [61589.99, 0.10473984]], "ts": 1727882266038}
{"bids": [[61511.07, 0.0826], [61508.9, 1.0], [61508.0, 0.3], [61504.91, 0.02], [61504.39, 0.1126], [61501.32, 0.0163], [61501.0, 0.3], [61498.23, 0.0204], [61496.6, 1.0]], "asks": [[61529.23, 0.1126], [61532.3, 0.00089238], [61532.81, 0.5], [61536.81, 0.5], [61541.0, 1.0], [61544.4, 1.0], [61589.98, 0.04], [61589.99, 0.10473984]], "ts": 1727882266039}
{"bids": [[61511.07, 0.0826], [61508.9, 1.0], [61508.0, 0.3], [61504.91, 0.02], [61504.39, 0.1126], [61501.32, 0.0163], [61501.0, 0.3], [61498.23, 0.0204], [61496.6, 1.0]], "asks": [[61529.23, 0.1126], [61532.3, 0.00089238], [61532.81, 0.5], [61536.0, 0.3], [61536.81, 0.5], [61541.0, 1.0], [61544.4, 1.0], [61589.98, 0.04], [61589.99, 0.10473984]], "ts": 1727882266039}
{"bids": [[61511.07, 0.0826], [61508.9, 1.0], [61508.0, 0.3], [61504.91, 0.02], [61504.39, 0.1126], [61501.32, 0.0163], [61501.0, 0.3], [61498.23, 0.0204], [61496.6, 1.0]], "asks": [[61529.23, 0.1126], [61532.3, 0.00089238], [61536.0, 0.3], [61536.81, 0.5], [61541.0, 1.0], [61544.4, 1.0], [61589.98, 0.04], [61589.99, 0.10473984]], "ts": 1727882266040}
{"bids": [[61511.07, 0.0826], [61508.9, 1.0], [61508.0, 0.3], [61504.91, 0.02], [61504.39, 0.1126], [61501.32, 0.0163], [61501.0, 0.3], [61498.23, 0.0204], [61496.6, 1.0]], "asks": [[61529.23, 0.1126], [61532.3, 0.00089238], [61532.31, 0.5], [61536.0, 0.3], [61536.81, 0.5], [61541.0, 1.0], [61544.4, 1.0], [61589.98, 0.04], [61589.99, 0.10473984]], "ts": 1727882266040}
{"bids": [[61511.07, 0.0826], [61508.9, 1.0], [61508.0, 0.3], [61504.91, 0.02], [61504.39, 0.1126], [61501.32, 0.0163], [61501.0, 0.3], [61498.23, 0.0204], [61496.6, 1.0]], "asks": [[61529.23, 0.1126], [61532.3, 0.00089238], [61532.31, 0.5], [61536.0, 0.3], [61536.81, 0.5], [61540.8, 1.0], [61541.0, 1.0], [61544.4, 1.0], [61589.98, 0.04], [61589.99, 0.10473984]], "ts": 1727882266041}
{"bids": [[61511.07, 0.0826], [61508.9, 1.0], [61508.0, 0.3], [61504.91, 0.02], [61504.39, 0.1126], [61501.32, 0.0163], [61501.0, 0.3], [61498.23, 0.0204], [61496.6, 1.0]], "asks": [[61529.23, 0.1126], [61532.3, 0.00089238], [61532.31, 0.5], [61536.0, 0.3], [61536.81, 0.5], [61540.8, 1.0], [61544.4, 1.0], [61589.98, 0.04], [61589.99, 0.10473984]], "ts": 1727882266041}
{"bids": [[61511.07, 0.0826], [61508.9, 1.0], [61508.0, 0.3], [61504.91, 0.02], [61504.39, 0.1126], [61501.32, 0.0163], [61501.0, 0.3], [61498.23, 0.0204], [61496.6, 1.0]], "asks": [[61529.23, 0.1126], [61532.3, 0.00089238], [61532.31, 0.5], [61536.81, 0.5], [61540.8, 1.0], [61544.4, 1.0], [61589.98, 0.04], [61589.99, 0.10473984]], "ts": 1727882266042}
{"bids": [[61511.07, 0.0826], [61508.9, 1.0], [61508.0, 0.3], [61504.91, 0.02], [61504.39, 0.1126], [61501.32, 0.0163], [61501.0, 0.3], [61498.23, 0.0204], [61496.6, 1.0]], "asks": [[61529.23, 0.1126], [61532.3, 0.00089238], [61532.31, 0.5], [61536.81, 0.5], [61544.4, 1.0], [61589.98, 0.04], [61589.99, 0.10473984]], "ts": 1727882266042}
{"bids": [[61511.07, 0.0826], [61508.9, 1.0], [61508.0, 0.3], [61504.91, 0.02], [61504.39, 0.0826], [61501.32, 0.0163], [61501.0, 0.3], [61498.23, 0.0204], [61496.6, 1.0]], "asks": [[61529.23, 0.1126], [61532.3, 0.00089238], [61532.31, 0.5], [61536.81, 0.5], [61544.4, 1.0], [61589.98, 0.04], [61589.99, 0.10473984]], "ts": 1727882266043}
{"bids": [[61511.07, 0.0826], [61508.9, 1.0], [61508.0, 0.3], [61504.91, 0.02], [61504.39, 0.0826], [61501.32, 0.0163], [61501.0, 0.3], [61498.23, 0.0204], [61496.6, 1.0]], "asks": [[61529.23, 0.1126], [61532.3, 0.00089238], [61532.31, 0.5], [61536.81, 0.5], [61544.4, 1.0], [61589.98, 0.04], [61589.99, 0.10473984]], "ts": 1727882266052}
{"bids": [[61511.07, 0.0826], [61508.9, 1.0], [61508.0, 0.3], [61504.91, 0.02], [61504.39, 0.0826], [61501.32, 0.0163], [61501.0, 0.3], [61498.23, 0.0204], [61496.6, 1.0]], "asks": [[61529.23, 0.1126], [61532.3, 0.00089238], [61532.31, 0.5], [61536.81, 0.5], [61544.4, 1.0], [61589.98, 0.04], [61589.99, 0.10473984]], "ts": 1727882266052}
{"bids": [[61511.07, 0.0826], [61508.9, 1.0], [61508.0, 0.3], [61504.91, 0.02], [61504.39, 0.0826], [61501.32, 0.0163], [61501.0, 0.3], [61498.23, 0.0204], [61496.6, 1.0]], "asks": [[61529.23, 0.1126], [61532.3, 0.00089238], [61532.31, 0.5], [61536.81, 0.5], [61537.0, 0.3], [61544.4, 1.0], [61589.98, 0.04], [61589.99, 0.10473984]], "ts": 1727882266053}
{"bids": [[61511.07, 0.0826], [61508.9, 1.0], [61508.0, 0.3], [61504.91, 0.02], [61504.39, 0.0826], [61501.32, 0.0163], [61501.0, 0.3], [61498.23, 0.0204], [61496.6, 1.0]], "asks": [[61529.23, 0.1126], [61532.3, 0.00089238], [61532.31, 0.5], [61536.81, 0.5], [61537.0, 0.3], [61542.9, 1.0], [61544.4, 1.0], [61589.98, 0.04], [61589.99, 0.10473984]], "ts": 1727882266053}
{"bids": [[61511.07, 0.0826], [61508.9, 1.0], [61508.0, 0.3], [61504.91, 0.02], [61504.39, 0.0826], [61501.32, 0.0163], [61501.0, 0.3], [61498.23, 0.0204], [61496.6, 1.0], [58507.74, 0.00076801]], "asks": [[61529.23, 0.1126], [61532.3, 0.00089238], [61532.31, 0.5], [61536.81, 0.5], [61537.0, 0.3], [61542.9, 1.0], [61544.4, 1.0], [61589.98, 0.04], [61589.99, 0.10473984]], "ts": 1727882266063}
{"bids": [[61511.07, 0.0826], [61508.9, 1.0], [61508.0, 0.3], [61504.91, 0.02], [61504.39, 0.0826], [61501.32, 0.0163], [61501.0, 0.3], [61498.23, 0.0204], [61496.6, 1.0], [58507.74, 0.00076801]], "asks": [[61529.23, 0.1126], [61532.3, 0.00089238], [61532.31, 0.5], [61536.81, 0.5], [61542.9, 1.0], [61544.4, 1.0], [61589.98, 0.04], [61589.99, 0.10473984]], "ts": 1727882266072}
{"bids": [[61511.07, 0.0826], [61508.9, 1.0], [61508.0, 0.3], [61504.91, 0.02], [61504.39, 0.0826], [61501.32, 0.0163], [61501.0, 0.3], [61498.23, 0.0204], [61496.6, 1.0], [58507.74, 0.00076801]], "asks": [[61529.23, 0.1126], [61532.3, 0.00089238], [61532.31, 0.5], [61536.0, 0.3], [61536.81, 0.5], [61542.9, 1.0], [61544.4, 1.0], [61589.98, 0.04], [61589.99, 0.10473984]], "ts": 1727882266073}
{"bids": [[61511.07, 0.0826], [61508.9, 1.0], [61508.0, 0.3], [61504.91, 0.02], [61504.39, 0.0826], [61501.32, 0.0163], [61501.0, 0.3], [61498.23, 0.0204], [61496.6, 1.0], [58507.74, 0.00076801]], "asks": [[61529.23, 0.1126], [61532.3, 0.00089238], [61532.31, 0.5], [61536.81, 0.5], [61542.9, 1.0], [61544.4, 1.0], [61589.98, 0.04], [61589.99, 0.10473984]], "ts": 1727882266082}
{"bids": [[61511.07, 0.0826], [61508.9, 1.0], [61508.0, 0.3], [61504.91, 0.02], [61504.39, 0.0826], [61501.32, 0.0163], [61501.0, 0.3], [61498.23, 0.0204], [61496.6, 1.0], [58507.74, 0.00076801]], "asks": [[61529.23, 0.1126], [61532.3, 0.00089238], [61532.31, 0.5], [61536.81, 0.5], [61542.9, 1.0], [61544.4, 1.0], [61589.98, 0.04], [61589.99, 0.10473984], [64666.46, 0.00077122]], "ts": 1727882266083}
{"bids": [[61511.07, 0.0826], [61508.9, 1.0], [61508.0, 0.3], [61504.91, 0.02], [61504.39, 0.0826], [61501.32, 0.0163], [61501.0, 0.3], [61498.23, 0.0204], [61496.6, 1.0], [58507.74, 0.00076801]], "asks": [[61529.23, 0.1126], [61532.3, 0.00089238], [61532.31, 0.5], [61536.0, 0.3], [61536.81, 0.5], [61542.9, 1.0], [61544.4, 1.0], [61589.98, 0.04], [61589.99, 0.10473984], [64666.46, 0.00077122]], "ts": 1727882266093}
{"bids": [[61511.07, 0.0826], [61508.9, 1.0], [61508.0, 0.3], [61504.91, 0.02], [61504.39, 0.0826], [61501.32, 0.0163], [61501.0, 0.3], [61498.23, 0.0204], [61496.6, 1.0], [58507.74, 0.00076801]], "asks": [[61529.23, 0.1126], [61532.3, 0.00089238], [61532.31, 0.5], [61536.0, 0.3], [61536.81, 0.5], [61541.8, 1.0], [61542.9, 1.0], [61544.4, 1.0], [61589.98, 0.04], [61589.99, 0.10473984]], "ts": 1727882266102}
{"bids": [[61511.07, 0.0826], [61508.9, 1.0], [61508.0, 0.3], [61504.91, 0.02], [61504.39, 0.0826], [61501.32, 0.0163], [61501.0, 0.3], [61498.23, 0.0204], [61496.6, 1.0], [58507.74, 0.00076801]], "asks": [[61529.23, 0.1126], [61532.3, 0.00089238], [61532.31, 0.5], [61536.0, 0.3], [61536.81, 0.5], [61541.8, 1.0], [61544.4, 1.0], [61589.98, 0.04], [61589.99, 0.10473984]], "ts": 1727882266103}
{"bids": [[61511.07, 0.0826], [61508.9, 1.0], [61508.0, 0.3], [61504.91, 0.02], [61504.39, 0.1126], [61501.32, 0.0163], [61501.0, 0.3], [61498.23, 0.0204], [61496.6, 1.0], [58507.74, 0.00076801]], "asks": [[61529.23, 0.1126], [61532.3, 0.00089238], [61532.31, 0.5], [61536.0, 0.3], [61536.81, 0.5], [61541.8, 1.0], [61544.4, 1.0], [61589.98, 0.04], [61589.99, 0.10473984]], "ts": 1727882266104}
{"bids": [[61511.07, 0.0826], [61508.9, 1.0], [61508.0, 0.3], [61504.91, 0.02], [61504.39, 0.1126], [61501.32, 0.0163], [61501.0, 0.3], [61498.23, 0.0204], [61496.6, 1.0]], "asks": [[61529.23, 0.1126], [61532.3, 0.00089238], [61532.31, 0.5], [61536.0, 0.3], [61536.81, 0.5], [61541.8, 1.0], [61544.4, 1.0], [61589.98, 0.04], [61589.99, 0.10473984]], "ts": 1727882266112}
{"bids": [[61511.07, 0.0826], [61508.9, 1.0], [61508.0, 0.3], [61504.91, 0.02], [61504.39, 0.1126], [61501.32, 0.0163], [61501.0, 0.3], [61498.23, 0.0204], [61496.6, 1.0]], "asks": [[61529.23, 0.1126], [61532.3, 0.00089238], [61532.31, 0.5], [61536.0, 0.3], [61536.81, 0.5], [61541.8, 1.0], [61544.4, 1.0], [61589.98, 0.04], [61589.99, 0.10473984]], "ts": 1727882266113}
{"bids": [[61511.07, 0.0826], [61508.9, 1.0], [61508.0, 0.3], [61504.91, 0.02], [61504.39, 0.1126], [61501.32, 0.0163], [61501.0, 0.3], [61498.23, 0.0204], [61496.6, 1.0]], "asks": [[61529.23, 0.1126], [61532.3, 0.00089238], [61532.31, 0.5], [61535.0, 0.3], [61536.0, 0.3], [61536.81, 0.5], [61541.8, 1.0], [61544.4, 1.0], [61589.98, 0.04], [61589.99, 0.10473984]], "ts": 1727882266114}
{"bids": [[61511.07, 0.0826], [61508.9, 1.0], [61508.0, 0.3], [61504.91, 0.02], [61504.39, 0.1126], [61501.32, 0.0163], [61501.0, 0.3], [61498.23, 0.0204], [61496.6, 1.0]], "asks": [[61529.23, 0.1126], [61532.3, 0.00089238], [61532.31, 0.5], [61535.0, 0.3], [61536.81, 0.5], [61541.8, 1.0], [61544.4, 1.0], [61589.98, 0.04], [61589.99, 0.10473984]], "ts": 1727882266115}
{"bids": [[61511.07, 0.0826], [61508.9, 1.0], [61508.0, 0.3], [61504.91, 0.02], [61504.39, 0.1126], [61501.32, 0.0163], [61501.0, 0.3], [61498.23, 0.0204], [61496.6, 1.0], [58505.3, 0.0007821]], "asks": [[61529.23, 0.1126], [61532.3, 0.00089238], [61532.31, 0.5], [61535.0, 0.3], [61536.81, 0.5], [61541.8, 1.0], [61544.4, 1.0], [61589.98, 0.04], [61589.99, 0.10473984]], "ts": 1727882266122}
{"bids": [[61511.07, 0.0826], [61508.9, 1.0], [61508.0, 0.3], [61504.91, 0.02], [61504.39, 0.1126], [61501.32, 0.0163], [61501.0, 0.3], [61498.23, 0.0204], [61496.6, 1.0], [58505.3, 0.0007821]], "asks": [[61529.23, 0.1126], [61532.3, 0.00089238], [61532.31, 0.5], [61535.0, 0.3], [61536.81, 0.5], [61541.8, 1.0], [61544.4, 1.0], [61589.98, 0.04], [61589.99, 0.10473984], [64663.76, 0.00088583]], "ts": 1727882266143}
{"bids": [[61511.07, 0.0826], [61508.9, 1.0], [61508.0, 0.3], [61504.91, 0.02], [61504.39, 0.0826], [61501.32, 0.0163], [61501.0, 0.3], [61498.23, 0.0204], [61496.6, 1.0], [58505.3, 0.0007821]], "asks": [[61529.23, 0.1126], [61532.3, 0.00089238], [61532.31, 0.5], [61535.0, 0.3], [61536.81, 0.5], [61541.8, 1.0], [61544.4, 1.0], [61589.98, 0.04], [61589.99, 0.10473984], [64663.76, 0.00088583]], "ts": 1727882266166}
{"bids": [[61511.07, 0.0826], [61508.9, 1.0], [61508.0, 0.3], [61504.91, 0.02], [61504.39, 0.0826], [61501.32, 0.0163], [61501.0, 0.3], [61498.23, 0.0204], [61496.6, 1.0], [58505.3, 0.0007821]], "asks": [[61529.23, 0.1126], [61532.3, 0.00089238], [61532.31, 0.5], [61535.0, 0.3], [61536.81, 0.5], [61544.4, 1.0], [61589.98, 0.04], [61589.99, 0.10473984], [64663.76, 0.00088583]], "ts": 1727882266178}
{"bids": [[61511.07, 0.0826], [61508.9, 1.0], [61508.0, 0.3], [61504.91, 0.02], [61504.39, 0.0826], [61501.32, 0.0163], [61501.0, 0.3], [61498.23, 0.0204], [61496.6, 1.0], [58505.3, 0.0007821]], "asks": [[61529.23, 0.1126], [61532.3, 0.00089238], [61532.31, 0.5], [61534.0, 0.3], [61535.0, 0.3], [61536.81, 0.5], [61544.4, 1.0], [61589.98, 0.04], [61589.99, 0.10473984], [64663.76, 0.00088583]], "ts": 1727882266200}
{"bids": [[61511.07, 0.0826], [61508.9, 1.0], [61508.0, 0.3], [61504.91, 0.02], [61504.39, 0.0826], [61501.32, 0.0163], [61501.0, 0.3], [61498.23, 0.0204], [61496.6, 1.0], [58505.3, 0.0007821]], "asks": [[61529.23, 0.1126], [61532.3, 0.00089238], [61532.31, 0.5], [61534.0, 0.3], [61536.81, 0.5], [61544.4, 1.0], [61589.98, 0.04], [61589.99, 0.10473984], [64663.76, 0.00088583]], "ts": 1727882266200}
{"bids": [[61511.07, 0.0826], [61508.9, 1.0], [61508.0, 0.3], [61504.91, 0.02], [61504.39, 0.0826], [61501.32, 0.0163], [61501.0, 0.3], [61498.23, 0.0204], [61496.6, 1.0], [58505.3, 0.0007821]], "asks": [[61529.23, 0.1126], [61532.3, 0.00089238], [61532.31, 0.5], [61536.81, 0.5], [61544.4, 1.0], [61589.98, 0.04], [61589.99, 0.10473984], [64663.76, 0.00088583]], "ts": 1727882266216}
{"bids": [[61511.07, 0.0826], [61508.9, 1.0], [61508.0, 0.3], [61504.91, 0.02], [61504.39, 0.0826], [61501.32, 0.0163], [61501.0, 0.3], [61498.23, 0.0204], [61496.6, 1.0], [58505.3, 0.0007821]], "asks": [[61529.23, 0.1126], [61532.3, 0.00089238], [61536.81, 0.5], [61544.4, 1.0], [61589.98, 0.04], [61589.99, 0.10473984], [64663.76, 0.00088583]], "ts": 1727882266223}
{"bids": [[61511.07, 0.0826], [61508.9, 1.0], [61508.0, 0.3], [61504.91, 0.02], [61504.39, 0.0826], [61501.32, 0.0163], [61501.0, 0.3], [61498.23, 0.0204], [61496.6, 1.0], [58505.3, 0.0007821]], "asks": [[61529.23, 0.1126], [61531.31, 0.5], [61532.3, 0.00089238], [61536.81, 0.5], [61544.4, 1.0], [61589.98, 0.04], [61589.99, 0.10473984], [64663.76, 0.00088583]], "ts": 1727882266224}
{"bids": [[61511.07, 0.0826], [61508.9, 1.0], [61508.0, 0.3], [61504.91, 0.02], [61504.39, 0.0826], [61501.32, 0.0163], [61501.0, 0.3], [61498.23, 0.0204], [61496.6, 1.0]], "asks": [[61529.23, 0.1126], [61531.31, 0.5], [61532.3, 0.00089238], [61536.81, 0.5], [61544.4, 1.0], [61589.98, 0.04], [61589.99, 0.10473984], [64663.76, 0.00088583]], "ts": 1727882266245}
{"bids": [[61511.07, 0.0826], [61508.9, 1.0], [61508.0, 0.3], [61504.91, 0.02], [61504.39, 0.0826], [61501.32, 0.0163], [61501.0, 0.3], [61498.23, 0.0204], [61496.6, 1.0]], "asks": [[61529.23, 0.1126], [61531.31, 0.5], [61532.3, 0.00089238], [61536.81, 0.5], [61544.4, 1.0], [61589.98, 0.04], [61589.99, 0.10473984]], "ts": 1727882266246}
{"bids": [[61511.07, 0.0826], [61508.9, 1.0], [61508.0, 0.3], [61504.91, 0.02], [61504.39, 0.0826], [61501.32, 0.0163], [61501.0, 0.3], [61498.23, 0.0204], [61496.6, 1.0]], "asks": [[61529.23, 0.1126], [61531.31, 0.5], [61532.3, 0.00089238], [61535.0, 0.3], [61536.81, 0.5], [61544.4, 1.0], [61589.98, 0.04], [61589.99, 0.10473984]], "ts": 1727882266247}
{"bids": [[61511.07, 0.0826], [61508.9, 1.0], [61508.0, 0.3], [61504.91, 0.02], [61504.39, 0.0826], [61501.32, 0.0163], [61501.0, 0.3], [61496.6, 1.0]], "asks": [[61529.23, 0.1126], [61531.31, 0.5], [61532.3, 0.00089238], [61535.0, 0.3], [61536.81, 0.5], [61544.4, 1.0], [61589.98, 0.04], [61589.99, 0.10473984]], "ts": 1727882266249}
{"bids": [[61511.07, 0.0826], [61508.9, 1.0], [61508.0, 0.3], [61504.91, 0.02], [61504.39, 0.0826], [61501.32, 0.0163], [61501.0, 0.3], [61496.6, 1.0], [58507.24, 0.00087885]], "asks": [[61529.23, 0.1126], [61531.31, 0.5], [61532.3, 0.00089238], [61535.0, 0.3], [61536.81, 0.5], [61544.4, 1.0], [61589.98, 0.04], [61589.99, 0.10473984]], "ts": 1727882266250}
{"bids": [[61511.07, 0.0826], [61508.9, 1.0], [61508.0, 0.3], [61504.91, 0.02], [61504.39, 0.0826], [61501.32, 0.0163], [61501.0, 0.3], [61496.6, 1.0], [58507.24, 0.00087885]], "asks": [[61529.23, 0.1126], [61531.31, 0.5], [61532.3, 0.00089238], [61535.0, 0.3], [61536.81, 0.5], [61542.5, 1.0], [61544.4, 1.0], [61589.98, 0.04], [61589.99, 0.10473984]], "ts": 1727882266250}
{"bids": [[61511.07, 0.0826], [61508.9, 1.0], [61508.0, 0.3], [61504.91, 0.02], [61504.39, 0.0826], [61501.32, 0.0163], [61501.0, 0.3], [61498.23, 0.0205], [61496.6, 1.0], [58507.24, 0.00087885]], "asks": [[61529.23, 0.1126], [61531.31, 0.5], [61532.3, 0.00089238], [61535.0, 0.3], [61536.81, 0.5], [61542.5, 1.0], [61544.4, 1.0], [61589.98, 0.04], [61589.99, 0.10473984]], "ts": 1727882266258}
{"bids": [[61511.07, 0.0826], [61508.9, 1.0], [61508.0, 0.3], [61504.91, 0.02], [61504.39, 0.0826], [61501.32, 0.0163], [61501.0, 0.3], [61498.23, 0.0205], [61496.6, 1.0], [58507.24, 0.00087885]], "asks": [[61529.23, 0.1126], [61531.31, 0.5], [61532.3, 0.00089238], [61535.0, 0.3], [61536.81, 0.5], [61542.5, 1.0], [61544.4, 1.0], [61589.98, 0.04], [61589.99, 0.10473984], [64665.9, 0.00084964]], "ts": 1727882266267}
{"bids": [[61511.07, 0.0826], [61508.9, 1.0], [61508.0, 0.3], [61504.91, 0.02], [61504.39, 0.0826], [61501.32, 0.0163], [61501.0, 0.3], [61498.23, 0.0205], [61496.6, 1.0], [58507.24, 0.00087885]], "asks": [[61529.23, 0.1126], [61531.31, 0.5], [61532.3, 0.00089238], [61534.0, 0.3], [61535.0, 0.3], [61536.81, 0.5], [61542.5, 1.0], [61544.4, 1.0], [61589.98, 0.04], [61589.99, 0.10473984]], "ts": 1727882266278}
{"bids": [[61511.07, 0.0826], [61508.9, 1.0], [61508.0, 0.3], [61504.91, 0.02], [61504.39, 0.0826], [61501.32, 0.0163], [61501.0, 0.3], [61498.23, 0.0205], [61496.6, 1.0], [58507.24, 0.00087885]], "asks": [[61529.23, 0.1126], [61531.31, 0.5], [61532.3, 0.00089238], [61534.0, 0.3], [61536.81, 0.5], [61542.5, 1.0], [61544.4, 1.0], [61589.98, 0.04], [61589.99, 0.10473984]], "ts": 1727882266279}
{"bids": [[61511.07, 0.0826], [61508.9, 1.0], [61508.0, 0.3], [61504.91, 0.02], [61504.39, 0.0826], [61501.32, 0.0163], [61498.23, 0.0205], [61496.6, 1.0], [58507.24, 0.00087885]], "asks": [[61529.23, 0.1126], [61531.31, 0.5], [61532.3, 0.00089238], [61534.0, 0.3], [61536.81, 0.5], [61542.5, 1.0], [61544.4, 1.0], [61589.98, 0.04], [61589.99, 0.10473984]], "ts": 1727882266290}
{"bids": [[61511.07, 0.0826], [61508.9, 1.0], [61508.0, 0.3], [61504.91, 0.02], [61504.39, 0.0826], [61501.32, 0.0163], [61498.23, 0.0205], [61496.6, 1.0], [58507.24, 0.00087885]], "asks": [[61529.23, 0.1126], [61531.31, 0.5], [61532.3, 0.00089238], [61534.0, 0.3], [61536.81, 0.5], [61541.4, 1.0], [61542.5, 1.0], [61544.4, 1.0], [61589.98, 0.04], [61589.99, 0.10473984]], "ts": 1727882266296}
{"bids": [[61511.07, 0.0826], [61508.9, 1.0], [61508.0, 0.3], [61504.91, 0.02], [61504.39, 0.0826], [61501.32, 0.0163], [61498.23, 0.0205], [61496.6, 1.0], [58507.24, 0.00087885]], "asks": [[61529.23, 0.1126], [61531.31, 0.5], [61532.3, 0.00089238], [61534.0, 0.3], [61536.81, 0.5], [61541.4, 1.0], [61544.4, 1.0], [61589.98, 0.04], [61589.99, 0.10473984]], "ts": 1727882266297}
{"bids": [[61511.07, 0.0826], [61508.9, 1.0], [61508.0, 0.3], [61504.91, 0.02], [61504.39, 0.0826], [61501.32, 0.0163], [61500.0, 0.3], [61498.23, 0.0205], [61496.6, 1.0], [58507.24, 0.00087885]], "asks": [[61529.23, 0.1126], [61531.31, 0.5], [61532.3, 0.00089238], [61534.0, 0.3], [61536.81, 0.5], [61541.4, 1.0], [61544.4, 1.0], [61589.98, 0.04], [61589.99, 0.10473984]], "ts": 1727882266304}
{"bids": [[61511.07, 0.0826], [61508.9, 1.0], [61508.0, 0.3], [61504.91, 0.02], [61504.39, 0.0826], [61501.32, 0.0163], [61500.0, 0.3], [61498.23, 0.0205], [61496.6, 1.0]], "asks": [[61529.23, 0.1126], [61531.31, 0.5], [61532.3, 0.00089238], [61534.0, 0.3], [61536.81, 0.5], [61541.4, 1.0], [61544.4, 1.0], [61589.98, 0.04], [61589.99, 0.10473984]], "ts": 1727882266315}
{"bids": [[61511.07, 0.0826], [61508.9, 1.0], [61508.0, 0.3], [61504.91, 0.02], [61504.39, 0.0826], [61501.32, 0.0163], [61500.0, 0.3], [61498.23, 0.0205], [61496.6, 1.0]], "asks": [[61529.23, 0.1126], [61531.31, 0.5], [61532.3, 0.00089238], [61534.0, 0.3], [61536.81, 0.5], [61541.4, 1.0], [61544.4, 1.0], [61589.98, 0.04], [61589.99, 0.10473984]], "ts": 1727882266317}
{"bids": [[61511.07, 0.0826], [61508.9, 1.0], [61508.0, 0.3], [61504.91, 0.02], [61504.39, 0.0826], [61501.32, 0.0163], [61500.0, 0.3], [61498.23, 0.0205], [61496.6, 1.0]], "asks": [[61529.23, 0.1126], [61531.31, 0.5], [61532.3, 0.00089238], [61533.0, 0.3], [61534.0, 0.3], [61536.81, 0.5], [61541.4, 1.0], [61544.4, 1.0], [61589.98, 0.04], [61589.99, 0.10473984]], "ts": 1727882266318}
{"bids": [[61511.07, 0.0826], [61508.9, 1.0], [61508.0, 0.3], [61504.91, 0.02], [61504.39, 0.0826], [61501.32, 0.0163], [61500.0, 0.3], [61498.23, 0.0205], [61496.6, 1.0]], "asks": [[61529.23, 0.1126], [61531.31, 0.5], [61532.3, 0.00089238], [61533.0, 0.3], [61536.81, 0.5], [61541.4, 1.0], [61544.4, 1.0], [61589.98, 0.04], [61589.99, 0.10473984]], "ts": 1727882266318}
{"bids": [[61511.07, 0.0826], [61508.9, 1.0], [61508.0, 0.3], [61504.91, 0.02], [61504.39, 0.0826], [61501.32, 0.0163], [61500.0, 0.3], [61498.23, 0.0205], [61496.6, 1.0], [58504.69, 0.00080771]], "asks": [[61529.23, 0.1126], [61531.31, 0.5], [61532.3, 0.00089238], [61533.0, 0.3], [61536.81, 0.5], [61541.4, 1.0], [61544.4, 1.0], [61589.98, 0.04], [61589.99, 0.10473984]], "ts": 1727882266319}
{"bids": [[61511.07, 0.0826], [61508.9, 1.0], [61508.0, 0.3], [61504.91, 0.02], [61504.39, 0.0826], [61501.32, 0.0163], [61500.0, 0.3], [61498.23, 0.0205], [61496.6, 1.0], [58504.69, 0.00080771]], "asks": [[61529.23, 0.1126], [61531.31, 0.5], [61532.3, 0.00089238], [61533.0, 0.3], [61536.81, 0.5], [61541.4, 1.0], [61544.4, 1.0], [61589.98, 0.04], [61589.99, 0.10473984], [64663.09, 0.00080952]], "ts": 1727882266326}
{"bids": [[61511.07, 0.0826], [61508.9, 1.0], [61508.0, 0.3], [61504.91, 0.02], [61504.39, 0.1126], [61501.32, 0.0163], [61500.0, 0.3], [61498.23, 0.0205], [61496.6, 1.0], [58504.69, 0.00080771]], "asks": [[61529.23, 0.1126], [61531.31, 0.5], [61532.3, 0.00089238], [61533.0, 0.3], [61536.81, 0.5], [61541.4, 1.0], [61544.4, 1.0], [61589.98, 0.04], [61589.99, 0.10473984], [64663.09, 0.00080952]], "ts": 1727882266327}
{"bids": [[61511.07, 0.0826], [61508.9, 1.0], [61508.0, 0.3], [61504.91, 0.02], [61504.39, 0.1126], [61501.32, 0.0163], [61500.0, 0.3], [61498.23, 0.0205], [61496.6, 1.0], [58504.69, 0.00080771]], "asks": [[61529.23, 0.1126], [61531.31, 0.5], [61532.0, 0.3], [61532.3, 0.00089238], [61533.0, 0.3], [61536.81, 0.5], [61541.4, 1.0], [61544.4, 1.0], [61589.98, 0.04], [61589.99, 0.10473984]], "ts": 1727882266328}
{"bids": [[61511.07, 0.0826], [61508.9, 1.0], [61508.0, 0.3], [61504.91, 0.02], [61504.39, 0.1126], [61501.32, 0.0163], [61500.0, 0.3], [61498.23, 0.0205], [61496.6, 1.0], [58504.69, 0.00080771]], "asks": [[61529.23, 0.1126], [61531.31, 0.5], [61532.0, 0.3], [61532.3, 0.00089238], [61536.81, 0.5], [61541.4, 1.0], [61544.4, 1.0], [61589.98, 0.04], [61589.99, 0.10473984]], "ts": 1727882266328}
{"bids": [[61511.07, 0.0826], [61508.9, 1.0], [61508.0, 0.3], [61504.91, 0.02], [61504.39, 0.1126], [61501.32, 0.0163], [61500.0, 0.3], [61498.23, 0.0205], [61496.6, 1.0], [58504.69, 0.00080771]], "asks": [[61529.23, 0.1126], [61531.31, 0.5], [61532.0, 0.3], [61532.3, 0.00089238], [61536.81, 0.5], [61540.8, 1.0], [61541.4, 1.0], [61544.4, 1.0], [61589.98, 0.04], [61589.99, 0.10473984]], "ts": 1727882266337}
{"bids": [[61511.07, 0.0826], [61508.9, 1.0], [61508.0, 0.3], [61504.91, 0.02], [61504.39, 0.1126], [61501.32, 0.0163], [61500.0, 0.3], [61498.23, 0.0205], [61496.6, 1.0], [58504.69, 0.00080771]], "asks": [[61529.23, 0.1126], [61531.31, 0.5], [61532.0, 0.3], [61532.3, 0.00089238], [61536.81, 0.5], [61540.8, 1.0], [61544.4, 1.0], [61589.98, 0.04], [61589.99, 0.10473984]], "ts": 1727882266338}
{"bids": [[61511.07, 0.0826], [61508.9, 1.0], [61508.0, 0.3], [61504.91, 0.02], [61504.39, 0.1126], [61501.32, 0.0163], [61500.0, 0.3], [61498.23, 0.0205], [61496.6, 1.0], [58504.69, 0.00080771]], "asks": [[61529.23, 0.1126], [61531.31, 0.5], [61532.0, 0.3], [61532.3, 0.00089238], [61536.81, 0.5], [61544.4, 1.0], [61589.98, 0.04], [61589.99, 0.10473984]], "ts": 1727882266348}
{"bids": [[61511.07, 0.0826], [61508.9, 1.0], [61508.0, 0.3], [61504.91, 0.02], [61504.39, 0.1126], [61501.32, 0.0163], [61500.0, 0.3], [61498.23, 0.0205], [61496.6, 1.0], [58504.69, 0.00080771]], "asks": [[61529.23, 0.1126], [61531.31, 0.5], [61532.3, 0.00089238], [61536.81, 0.5], [61544.4, 1.0], [61589.98, 0.04], [61589.99, 0.10473984]], "ts": 1727882266360}
{"bids": [[61511.07, 0.0826], [61508.9, 1.0], [61508.0, 0.3], [61504.91, 0.02], [61504.39, 0.1126], [61501.32, 0.0163], [61500.0, 0.3], [61498.23, 0.0205], [61496.6, 1.0], [58504.69, 0.00080771]], "asks": [[61529.23, 0.1126], [61531.31, 0.5], [61532.3, 0.00089238], [61533.0, 0.3], [61536.81, 0.5], [61544.4, 1.0], [61589.98, 0.04], [61589.99, 0.10473984]], "ts": 1727882266376}
{"bids": [[61511.07, 0.0826], [61508.9, 1.0], [61508.0, 0.3], [61504.91, 0.02], [61504.39, 0.1126], [61501.32, 0.0163], [61500.0, 0.3], [61498.23, 0.0205], [61496.6, 1.0], [58504.69, 0.00080771]], "asks": [[61529.23, 0.1126], [61531.31, 0.5], [61532.3, 0.00089238], [61533.0, 0.3], [61536.81, 0.5], [61542.5, 1.0], [61544.4, 1.0], [61589.98, 0.04], [61589.99, 0.10473984]], "ts": 1727882266393}
{"bids": [[61511.07, 0.0826], [61508.9, 1.0], [61508.0, 0.3], [61504.91, 0.02], [61504.39, 0.1126], [61501.32, 0.0163], [61500.0, 0.3], [61498.23, 0.0205], [61496.6, 1.0], [58504.69, 0.00080771]], "asks": [[61529.23, 0.1126], [61531.31, 0.5], [61532.0, 0.3], [61532.3, 0.00089238], [61533.0, 0.3], [61536.81, 0.5], [61542.5, 1.0], [61544.4, 1.0], [61589.98, 0.04], [61589.99, 0.10473984]], "ts": 1727882266407}
{"bids": [[61511.07, 0.0826], [61508.9, 1.0], [61508.0, 0.3], [61504.91, 0.02], [61504.39, 0.1126], [61501.32, 0.0163], [61500.0, 0.3], [61498.23, 0.0205], [61496.6, 1.0], [58504.69, 0.00080771]], "asks": [[61529.23, 0.1126], [61531.31, 0.5], [61532.0, 0.3], [61532.3, 0.00089238], [61536.81, 0.5], [61542.5, 1.0], [61544.4, 1.0], [61589.98, 0.04], [61589.99, 0.10473984]], "ts": 1727882266418}
{"bids": [[61511.07, 0.0826], [61508.9, 1.0], [61508.0, 0.3], [61504.91, 0.02], [61504.39, 0.1126], [61501.32, 0.0163], [61500.0, 0.3], [61498.23, 0.0205], [61496.6, 1.0]], "asks": [[61529.23, 0.1126], [61531.31, 0.5], [61532.0, 0.3], [61532.3, 0.00089238], [61536.81, 0.5], [61542.5, 1.0], [61544.4, 1.0], [61589.98, 0.04], [61589.99, 0.10473984]], "ts": 1727882266418}
{"bids": [[61511.07, 0.0826], [61508.9, 1.0], [61508.0, 0.3], [61504.91, 0.02], [61504.39, 0.1126], [61501.32, 0.0163], [61500.0, 0.3], [61498.23, 0.0205], [61496.6, 1.0]], "asks": [[61529.23, 0.1126], [61531.31, 0.5], [61532.0, 0.3], [61532.3, 0.00089238], [61536.81, 0.5], [61542.5, 1.0], [61544.4, 1.0], [61589.98, 0.04], [61589.99, 0.10473984]], "ts": 1727882266419}
{"bids": [[61511.07, 0.0826], [61508.9, 1.0], [61508.0, 0.3], [61504.91, 0.02], [61504.39, 0.1126], [61501.32, 0.0163], [61500.0, 0.3], [61498.23, 0.0205], [61496.6, 1.0]], "asks": [[61529.23, 0.1126], [61531.31, 0.5], [61532.0, 0.3], [61532.3, 0.00089238], [61536.81, 0.5], [61541.4, 1.0], [61542.5, 1.0], [61544.4, 1.0], [61589.98, 0.04], [61589.99, 0.10473984]], "ts": 1727882266420}
{"bids": [[61511.07, 0.0826], [61508.9, 1.0], [61508.0, 0.3], [61504.91, 0.02], [61504.39, 0.1126], [61501.32, 0.0163], [61500.0, 0.3], [61498.23, 0.0205], [61496.6, 1.0]], "asks": [[61529.23, 0.1126], [61531.31, 0.5], [61532.0, 0.3], [61532.3, 0.00089238], [61536.81, 0.5], [61541.4, 1.0], [61544.4, 1.0], [61589.98, 0.04], [61589.99, 0.10473984]], "ts": 1727882266420}
{"bids": [[61511.07, 0.0826], [61508.9, 1.0], [61508.0, 0.3], [61504.91, 0.02], [61504.39, 0.1126], [61501.32, 0.0163], [61500.0, 0.3], [61498.23, 0.0205], [61496.6, 1.0], [58502.2, 0.00086734]], "asks": [[61529.23, 0.1126], [61531.31, 0.5], [61532.0, 0.3], [61532.3, 0.00089238], [61536.81, 0.5], [61541.4, 1.0], [61544.4, 1.0], [61589.98, 0.04], [61589.99, 0.10473984]], "ts": 1727882266421}
{"bids": [[61511.07, 0.0826], [61508.9, 1.0], [61508.0, 0.3], [61504.91, 0.02], [61504.39, 0.1126], [61501.32, 0.0163], [61500.0, 0.3], [61498.23, 0.0205], [61496.6, 1.0], [58502.2, 0.00086734]], "asks": [[61529.23, 0.1126], [61531.31, 0.5], [61532.0, 0.3], [61532.3, 0.00089238], [61536.81, 0.5], [61541.4, 1.0], [61544.4, 1.0], [61589.98, 0.04], [61589.99, 0.10473984], [64660.33, 0.00083783]], "ts": 1727882266431}
{"bids": [[61511.07, 0.0826], [61508.9, 1.0], [61508.0, 0.3], [61504.91, 0.02], [61504.39, 0.1126], [61501.32, 0.0163], [61500.0, 0.3], [61498.23, 0.0205], [61496.6, 1.0], [58502.2, 0.00086734]], "asks": [[61529.23, 0.1126], [61531.31, 0.5], [61532.3, 0.00089238], [61536.81, 0.5], [61541.4, 1.0], [61544.4, 1.0], [61589.98, 0.04], [61589.99, 0.10473984], [64660.33, 0.00083783]], "ts": 1727882266512}
{"bids": [[61511.07, 0.0826], [61508.9, 1.0], [61508.0, 0.3], [61504.91, 0.02], [61504.39, 0.1126], [61501.32, 0.0163], [61500.0, 0.3], [61498.23, 0.0205], [61496.6, 1.0], [58502.2, 0.00086734]], "asks": [[61529.23, 0.1126], [61531.31, 0.5], [61532.3, 0.00089238], [61535.0, 0.3], [61536.81, 0.5], [61541.4, 1.0], [61544.4, 1.0], [61589.98, 0.04], [61589.99, 0.10473984], [64660.33, 0.00083783]], "ts": 1727882266523}
{"bids": [[61511.07, 0.0826], [61508.9, 1.0], [61508.0, 0.3], [61504.91, 0.02], [61504.39, 0.1126], [61501.32, 0.0163], [61500.0, 0.3], [61498.23, 0.0205], [61496.6, 1.0], [58502.2, 0.00086734]], "asks": [[61529.23, 0.1126], [61531.31, 0.5], [61532.3, 0.00089238], [61536.81, 0.5], [61541.4, 1.0], [61544.4, 1.0], [61589.98, 0.04], [61589.99, 0.10473984], [64660.33, 0.00083783]], "ts": 1727882266524}
{"bids": [[61511.07, 0.0826], [61508.9, 1.0], [61508.0, 0.3], [61504.91, 0.02], [61504.39, 0.1126], [61501.32, 0.0163], [61500.0, 0.3], [61498.23, 0.0205], [61496.6, 1.0], [58502.2, 0.00086734]], "asks": [[61529.23, 0.1126], [61532.3, 0.00089238], [61536.81, 0.5], [61541.4, 1.0], [61544.4, 1.0], [61589.98, 0.04], [61589.99, 0.10473984], [64660.33, 0.00083783]], "ts": 1727882266535}
{"bids": [[61511.07, 0.0826], [61508.9, 1.0], [61508.0, 0.3], [61504.91, 0.02], [61504.39, 0.1126], [61501.32, 0.0163], [61500.0, 0.3], [61498.23, 0.0205], [61496.6, 1.0], [58502.2, 0.00086734]], "asks": [[61529.23, 0.1126], [61531.22, 0.5], [61532.3, 0.00089238], [61536.81, 0.5], [61541.4, 1.0], [61544.4, 1.0], [61589.98, 0.04], [61589.99, 0.10473984], [64660.33, 0.00083783]], "ts": 1727882266536}
{"bids": [[61511.07, 0.0826], [61508.9, 1.0], [61508.0, 0.3], [61504.91, 0.02], [61504.39, 0.1126], [61501.32, 0.0163], [61500.0, 0.3], [61498.23, 0.0205], [61496.6, 1.0], [58502.2, 0.00086734]], "asks": [[61529.23, 0.1126], [61531.22, 0.5], [61532.3, 0.00089238], [61536.81, 0.5], [61544.4, 1.0], [61589.98, 0.04], [61589.99, 0.10473984], [64660.33, 0.00083783]], "ts": 1727882266547}
{"bids": [[61511.07, 0.0826], [61508.9, 1.0], [61508.0, 0.3], [61504.91, 0.02], [61504.39, 0.1126], [61501.32, 0.0163], [61500.0, 0.3], [61498.23, 0.0205], [61496.6, 1.0], [58502.2, 0.00086734]], "asks": [[61529.23, 0.1126], [61531.22, 0.5], [61532.3, 0.00089238], [61536.81, 0.5], [61539.0, 0.3], [61544.4, 1.0], [61589.98, 0.04], [61589.99, 0.10473984], [64660.33, 0.00083783]], "ts": 1727882266548}
{"bids": [[61511.07, 0.0826], [61508.9, 1.0], [61508.0, 0.3], [61504.91, 0.02], [61504.39, 0.1126], [61501.32, 0.0163], [61501.0, 0.3], [61500.0, 0.3], [61498.23, 0.0205], [61496.6, 1.0]], "asks": [[61529.23, 0.1126], [61531.22, 0.5], [61532.3, 0.00089238], [61536.81, 0.5], [61539.0, 0.3], [61544.4, 1.0], [61589.98, 0.04], [61589.99, 0.10473984], [64660.33, 0.00083783]], "ts": 1727882266549}
{"bids": [[61511.07, 0.0826], [61508.9, 1.0], [61508.0, 0.3], [61504.91, 0.02], [61504.39, 0.1126], [61501.32, 0.0163], [61501.0, 0.3], [61498.23, 0.0205], [61496.6, 1.0]], "asks": [[61529.23, 0.1126], [61531.22, 0.5], [61532.3, 0.00089238], [61536.81, 0.5], [61539.0, 0.3], [61544.4, 1.0], [61589.98, 0.04], [61589.99, 0.10473984], [64660.33, 0.00083783]], "ts": 1727882266550}
{"bids": [[61511.07, 0.0826], [61508.9, 1.0], [61508.0, 0.3], [61504.91, 0.02], [61504.39, 0.1126], [61501.32, 0.0163], [61501.0, 0.3], [61498.23, 0.0205], [61496.6, 1.0]], "asks": [[61529.23, 0.1126], [61532.3, 0.00089238], [61536.81, 0.5], [61539.0, 0.3], [61544.4, 1.0], [61589.98, 0.04], [61589.99, 0.10473984], [64660.33, 0.00083783]], "ts": 1727882266551}
{"bids": [[61511.07, 0.0826], [61508.9, 1.0], [61508.0, 0.3], [61504.91, 0.02], [61504.39, 0.1126], [61501.32, 0.0163], [61501.0, 0.3], [61498.23, 0.0205], [61496.6, 1.0]], "asks": [[61529.23, 0.1126], [61531.54, 0.5], [61532.3, 0.00089238], [61536.81, 0.5], [61539.0, 0.3], [61544.4, 1.0], [61589.98, 0.04], [61589.99, 0.10473984], [64660.33, 0.00083783]], "ts": 1727882266552}
{"bids": [[61511.07, 0.0826], [61508.9, 1.0], [61508.0, 0.3], [61504.91, 0.02], [61504.39, 0.1126], [61501.32, 0.0163], [61501.0, 0.3], [61498.23, 0.0205], [61496.6, 1.0]], "asks": [[61529.23, 0.1126], [61531.54, 0.5], [61532.3, 0.00089238], [61536.81, 0.5], [61539.0, 0.3], [61541.4, 1.0], [61544.4, 1.0], [61589.98, 0.04], [61589.99, 0.10473984], [64660.33, 0.00083783]], "ts": 1727882266560}
{"bids": [[61511.07, 0.0826], [61508.9, 1.0], [61508.0, 0.3], [61504.91, 0.02], [61504.39, 0.1126], [61501.32, 0.0163], [61501.0, 0.3], [61498.23, 0.0205], [61496.6, 1.0]], "asks": [[61529.23, 0.1126], [61531.54, 0.5], [61532.3, 0.00089238], [61536.81, 0.5], [61541.4, 1.0], [61544.4, 1.0], [61589.98, 0.04], [61589.99, 0.10473984], [64660.33, 0.00083783]], "ts": 1727882266612}
{"bids": [[61511.07, 0.0826], [61508.9, 1.0], [61508.0, 0.3], [61504.91, 0.02], [61504.39, 0.1126], [61501.32, 0.0163], [61501.0, 0.3], [61498.23, 0.0205], [61496.6, 1.0]], "asks": [[61529.23, 0.1126], [61531.54, 0.5], [61532.3, 0.00089238], [61536.81, 0.5], [61544.4, 1.0], [61589.98, 0.04], [61589.99, 0.10473984], [64660.33, 0.00083783]], "ts": 1727882266613}
{"bids": [[61511.07, 0.0826], [61508.9, 1.0], [61508.0, 0.3], [61504.91, 0.02], [61504.39, 0.1126], [61501.32, 0.0163], [61501.0, 0.3], [61498.23, 0.0205], [61496.6, 1.0]], "asks": [[61529.23, 0.1126], [61531.54, 0.5], [61532.3, 0.00089238], [61536.81, 0.5], [61544.4, 1.0], [61589.98, 0.04], [61589.99, 0.10473984], [64660.33, 0.00083783]], "ts": 1727882266621}
{"bids": [[61511.07, 0.0826], [61508.9, 1.0], [61508.0, 0.3], [61504.91, 0.02], [61504.39, 0.1126], [61501.32, 0.0163], [61501.0, 0.3], [61498.23, 0.0205], [61496.6, 1.0]], "asks": [[61529.23, 0.1126], [61531.54, 0.5], [61532.3, 0.00089238], [61536.81, 0.5], [61544.4, 1.0], [61589.98, 0.04], [61589.99, 0.10473984]], "ts": 1727882266622}
{"bids": [[61511.07, 0.0826], [61508.9, 1.0], [61508.0, 0.3], [61504.91, 0.02], [61504.39, 0.1126], [61501.32, 0.0163], [61501.0, 0.3], [61498.23, 0.0205], [61496.6, 1.0], [58507.2, 0.00075312]], "asks": [[61529.23, 0.1126], [61531.54, 0.5], [61532.3, 0.00089238], [61536.81, 0.5], [61544.4, 1.0], [61589.98, 0.04], [61589.99, 0.10473984]], "ts": 1727882266631}
{"bids": [[61511.07, 0.0826], [61508.9, 1.0], [61508.0, 0.3], [61504.91, 0.02], [61504.39, 0.1126], [61501.32, 0.0163], [61501.0, 0.3], [61498.23, 0.0205], [61496.6, 1.0], [58507.2, 0.00075312]], "asks": [[61529.23, 0.1126], [61531.54, 0.5], [61532.3, 0.00089238], [61536.81, 0.5], [61540.0, 0.3], [61544.4, 1.0], [61589.98, 0.04], [61589.99, 0.10473984]], "ts": 1727882266650}
{"bids": [[61511.07, 0.0826], [61508.9, 1.0], [61508.0, 0.3], [61504.91, 0.02], [61504.39, 0.1126], [61501.32, 0.0163], [61501.0, 0.3], [61498.23, 0.0205], [61496.8, 1.0], [61496.6, 1.0]], "asks": [[61529.23, 0.1126], [61531.54, 0.5], [61532.3, 0.00089238], [61536.81, 0.5], [61540.0, 0.3], [61544.4, 1.0], [61589.98, 0.04], [61589.99, 0.10473984]], "ts": 1727882266655}
{"bids": [[61511.07, 0.0826], [61508.9, 1.0], [61508.0, 0.3], [61504.91, 0.02], [61504.39, 0.1126], [61501.32, 0.0163], [61501.0, 0.3], [61498.23, 0.0205], [61496.8, 1.0]], "asks": [[61529.23, 0.1126], [61531.54, 0.5], [61532.3, 0.00089238], [61536.81, 0.5], [61540.0, 0.3], [61544.4, 1.0], [61589.98, 0.04], [61589.99, 0.10473984]], "ts": 1727882266656}
{"bids": [[61511.07, 0.0826], [61508.9, 1.0], [61508.0, 0.3], [61504.91, 0.02], [61504.39, 0.1126], [61501.32, 0.0163], [61501.0, 0.3], [61498.23, 0.0205], [61496.8, 1.0]], "asks": [[61529.23, 0.1126], [61531.54, 0.5], [61532.3, 0.00089238], [61536.81, 0.5], [61540.0, 0.3], [61544.4, 1.0], [61589.98, 0.04], [61589.99, 0.10473984], [64665.87, 0.00075259]], "ts": 1727882266661}
